%YAML 1.1
%TAG !u! tag:unity3d.com,2011:
--- !u!1 &5788413112784446728
GameObject:
  m_ObjectHideFlags: 0
  m_CorrespondingSourceObject: {fileID: 0}
  m_PrefabInstance: {fileID: 0}
  m_PrefabAsset: {fileID: 0}
  serializedVersion: 6
  m_Component:
  - component: {fileID: 2363071613342738501}
  m_Layer: 3
  m_Name: rifle_07_buy
  m_TagString: Weapon
  m_Icon: {fileID: 0}
  m_NavMeshLayer: 0
  m_StaticEditorFlags: 0
  m_IsActive: 1
--- !u!4 &2363071613342738501
Transform:
  m_ObjectHideFlags: 0
  m_CorrespondingSourceObject: {fileID: 0}
  m_PrefabInstance: {fileID: 0}
  m_PrefabAsset: {fileID: 0}
  m_GameObject: {fileID: 5788413112784446728}
  m_LocalRotation: {x: 0, y: 0, z: 0, w: 1}
  m_LocalPosition: {x: 0, y: 0, z: 0}
  m_LocalScale: {x: 0.23919791, y: 0.23919791, z: 0.23919791}
  m_ConstrainProportionsScale: 0
  m_Children:
  - {fileID: 4452243702199784078}
  m_Father: {fileID: 0}
  m_RootOrder: 0
  m_LocalEulerAnglesHint: {x: 0, y: 0, z: 0}
--- !u!1001 &4198258048322237797
PrefabInstance:
  m_ObjectHideFlags: 0
  serializedVersion: 2
  m_Modification:
    serializedVersion: 3
    m_TransformParent: {fileID: 2363071613342738501}
    m_Modifications:
    - target: {fileID: -8679921383154817045, guid: bbef7005ed7f42841bce8ab2728dc5a1, type: 3}
      propertyPath: m_RootOrder
      value: 0
      objectReference: {fileID: 0}
    - target: {fileID: -8679921383154817045, guid: bbef7005ed7f42841bce8ab2728dc5a1, type: 3}
      propertyPath: m_LocalScale.x
      value: 0.90277
      objectReference: {fileID: 0}
    - target: {fileID: -8679921383154817045, guid: bbef7005ed7f42841bce8ab2728dc5a1, type: 3}
      propertyPath: m_LocalScale.y
      value: 0.90277
      objectReference: {fileID: 0}
    - target: {fileID: -8679921383154817045, guid: bbef7005ed7f42841bce8ab2728dc5a1, type: 3}
      propertyPath: m_LocalScale.z
      value: 0.90277
      objectReference: {fileID: 0}
    - target: {fileID: -8679921383154817045, guid: bbef7005ed7f42841bce8ab2728dc5a1, type: 3}
      propertyPath: m_LocalPosition.x
      value: 0.64
      objectReference: {fileID: 0}
    - target: {fileID: -8679921383154817045, guid: bbef7005ed7f42841bce8ab2728dc5a1, type: 3}
      propertyPath: m_LocalPosition.y
      value: -0.211
      objectReference: {fileID: 0}
    - target: {fileID: -8679921383154817045, guid: bbef7005ed7f42841bce8ab2728dc5a1, type: 3}
      propertyPath: m_LocalPosition.z
      value: 2.59
      objectReference: {fileID: 0}
    - target: {fileID: -8679921383154817045, guid: bbef7005ed7f42841bce8ab2728dc5a1, type: 3}
      propertyPath: m_LocalRotation.w
      value: 0.7071067
      objectReference: {fileID: 0}
    - target: {fileID: -8679921383154817045, guid: bbef7005ed7f42841bce8ab2728dc5a1, type: 3}
      propertyPath: m_LocalRotation.x
      value: -0.7071068
      objectReference: {fileID: 0}
    - target: {fileID: -8679921383154817045, guid: bbef7005ed7f42841bce8ab2728dc5a1, type: 3}
      propertyPath: m_LocalRotation.y
      value: 0
      objectReference: {fileID: 0}
    - target: {fileID: -8679921383154817045, guid: bbef7005ed7f42841bce8ab2728dc5a1, type: 3}
      propertyPath: m_LocalRotation.z
      value: -0
      objectReference: {fileID: 0}
    - target: {fileID: -8679921383154817045, guid: bbef7005ed7f42841bce8ab2728dc5a1, type: 3}
      propertyPath: m_LocalEulerAnglesHint.x
      value: 0
      objectReference: {fileID: 0}
    - target: {fileID: -8679921383154817045, guid: bbef7005ed7f42841bce8ab2728dc5a1, type: 3}
      propertyPath: m_LocalEulerAnglesHint.y
      value: 0
      objectReference: {fileID: 0}
    - target: {fileID: -8679921383154817045, guid: bbef7005ed7f42841bce8ab2728dc5a1, type: 3}
      propertyPath: m_LocalEulerAnglesHint.z
      value: 0
      objectReference: {fileID: 0}
    - target: {fileID: -7992180344348833310, guid: bbef7005ed7f42841bce8ab2728dc5a1, type: 3}
      propertyPath: m_Layer
      value: 3
      objectReference: {fileID: 0}
    - target: {fileID: -4841621683740773081, guid: bbef7005ed7f42841bce8ab2728dc5a1, type: 3}
      propertyPath: m_Materials.Array.data[0]
      value: 
      objectReference: {fileID: 2100000, guid: 0f3f296123543a04faf692f7522f74c4, type: 2}
    - target: {fileID: -3574062106384081162, guid: bbef7005ed7f42841bce8ab2728dc5a1, type: 3}
      propertyPath: m_Layer
      value: 3
      objectReference: {fileID: 0}
    - target: {fileID: -2679303902324123824, guid: bbef7005ed7f42841bce8ab2728dc5a1, type: 3}
      propertyPath: m_Materials.Array.data[0]
      value: 
      objectReference: {fileID: 2100000, guid: 0f3f296123543a04faf692f7522f74c4, type: 2}
    - target: {fileID: -1491275356158553931, guid: bbef7005ed7f42841bce8ab2728dc5a1, type: 3}
      propertyPath: m_Layer
      value: 3
      objectReference: {fileID: 0}
    - target: {fileID: -370278789818057009, guid: bbef7005ed7f42841bce8ab2728dc5a1, type: 3}
      propertyPath: m_Materials.Array.data[0]
      value: 
      objectReference: {fileID: 2100000, guid: 0f3f296123543a04faf692f7522f74c4, type: 2}
    - target: {fileID: 919132149155446097, guid: bbef7005ed7f42841bce8ab2728dc5a1, type: 3}
      propertyPath: m_Name
      value: shotgun_02
      objectReference: {fileID: 0}
    - target: {fileID: 919132149155446097, guid: bbef7005ed7f42841bce8ab2728dc5a1, type: 3}
      propertyPath: m_Layer
      value: 3
      objectReference: {fileID: 0}
    - target: {fileID: 919132149155446097, guid: bbef7005ed7f42841bce8ab2728dc5a1, type: 3}
      propertyPath: m_TagString
      value: Untagged
      objectReference: {fileID: 0}
    - target: {fileID: 2053796204597777131, guid: bbef7005ed7f42841bce8ab2728dc5a1, type: 3}
      propertyPath: m_Layer
      value: 3
      objectReference: {fileID: 0}
    - target: {fileID: 2530080198455358688, guid: bbef7005ed7f42841bce8ab2728dc5a1, type: 3}
      propertyPath: m_Materials.Array.data[0]
      value: 
      objectReference: {fileID: 2100000, guid: 0f3f296123543a04faf692f7522f74c4, type: 2}
    - target: {fileID: 2901273673432525438, guid: bbef7005ed7f42841bce8ab2728dc5a1, type: 3}
      propertyPath: m_Layer
      value: 3
      objectReference: {fileID: 0}
    - target: {fileID: 3347255000925328805, guid: bbef7005ed7f42841bce8ab2728dc5a1, type: 3}
      propertyPath: m_Layer
      value: 3
      objectReference: {fileID: 0}
    - target: {fileID: 3524066255726259532, guid: bbef7005ed7f42841bce8ab2728dc5a1, type: 3}
      propertyPath: m_Materials.Array.data[0]
      value: 
      objectReference: {fileID: 2100000, guid: 0f3f296123543a04faf692f7522f74c4, type: 2}
    m_RemovedComponents: []
    m_RemovedGameObjects: []
    m_AddedGameObjects:
    - targetCorrespondingSourceObject: {fileID: -8679921383154817045, guid: bbef7005ed7f42841bce8ab2728dc5a1, type: 3}
      insertIndex: -1
      addedObject: {fileID: 4025065367792735007}
    m_AddedComponents:
    - targetCorrespondingSourceObject: {fileID: 919132149155446097, guid: bbef7005ed7f42841bce8ab2728dc5a1, type: 3}
      insertIndex: -1
      addedObject: {fileID: 7726688844821773509}
    - targetCorrespondingSourceObject: {fileID: 919132149155446097, guid: bbef7005ed7f42841bce8ab2728dc5a1, type: 3}
      insertIndex: -1
      addedObject: {fileID: 7622006366375697726}
  m_SourcePrefab: {fileID: 100100000, guid: bbef7005ed7f42841bce8ab2728dc5a1, type: 3}
--- !u!1 &3927803677915924532 stripped
GameObject:
  m_CorrespondingSourceObject: {fileID: 919132149155446097, guid: bbef7005ed7f42841bce8ab2728dc5a1, type: 3}
  m_PrefabInstance: {fileID: 4198258048322237797}
  m_PrefabAsset: {fileID: 0}
--- !u!114 &7726688844821773509
MonoBehaviour:
  m_ObjectHideFlags: 0
  m_CorrespondingSourceObject: {fileID: 0}
  m_PrefabInstance: {fileID: 0}
  m_PrefabAsset: {fileID: 0}
  m_GameObject: {fileID: 3927803677915924532}
  m_Enabled: 1
  m_EditorHideFlags: 0
  m_Script: {fileID: 11500000, guid: 9d41ae804d91ce043a4924e19116de0a, type: 3}
  m_Name: 
  m_EditorClassIdentifier: 
  useEvents: 0
  promptMessage: Buy Single Shotgun (E)
  weapon: {fileID: 6017617182063473074, guid: 12b61a4cd3216a44daf54e9cbe9362e2, type: 3}
  cost: 250
  canBuy: 1
--- !u!65 &7622006366375697726
BoxCollider:
  m_ObjectHideFlags: 0
  m_CorrespondingSourceObject: {fileID: 0}
  m_PrefabInstance: {fileID: 0}
  m_PrefabAsset: {fileID: 0}
  m_GameObject: {fileID: 3927803677915924532}
  m_Material: {fileID: 0}
  m_IncludeLayers:
    serializedVersion: 2
    m_Bits: 0
  m_ExcludeLayers:
    serializedVersion: 2
    m_Bits: 0
  m_LayerOverridePriority: 0
  m_IsTrigger: 0
  m_ProvidesContacts: 0
  m_Enabled: 1
  serializedVersion: 3
  m_Size: {x: 0.24237497, y: 5.5472913, z: 0.7330854}
  m_Center: {x: 0.070734724, y: 0.2935337, z: -0.17288889}
--- !u!4 &4452243702199784078 stripped
Transform:
  m_CorrespondingSourceObject: {fileID: -8679921383154817045, guid: bbef7005ed7f42841bce8ab2728dc5a1, type: 3}
  m_PrefabInstance: {fileID: 4198258048322237797}
  m_PrefabAsset: {fileID: 0}
--- !u!1001 &5475518494609552340
PrefabInstance:
  m_ObjectHideFlags: 0
  serializedVersion: 2
  m_Modification:
    serializedVersion: 3
    m_TransformParent: {fileID: 4452243702199784078}
    m_Modifications:
    - target: {fileID: 2229383316243879340, guid: 417686273a2a0f446aafa607a871f54d, type: 3}
      propertyPath: m_Name
      value: Canvas
      objectReference: {fileID: 0}
    - target: {fileID: 7783931732556177914, guid: 417686273a2a0f446aafa607a871f54d, type: 3}
      propertyPath: m_LocalScale.x
      value: 5.173157
      objectReference: {fileID: 0}
    - target: {fileID: 7783931732556177914, guid: 417686273a2a0f446aafa607a871f54d, type: 3}
      propertyPath: m_LocalScale.y
      value: 5.173157
      objectReference: {fileID: 0}
    - target: {fileID: 7783931732556177914, guid: 417686273a2a0f446aafa607a871f54d, type: 3}
      propertyPath: m_LocalScale.z
      value: 5.173157
      objectReference: {fileID: 0}
    - target: {fileID: 7783931732556177914, guid: 417686273a2a0f446aafa607a871f54d, type: 3}
      propertyPath: m_LocalPosition.z
      value: 0
      objectReference: {fileID: 0}
    - target: {fileID: 7783931732556177914, guid: 417686273a2a0f446aafa607a871f54d, type: 3}
      propertyPath: m_AnchoredPosition.x
      value: 117
      objectReference: {fileID: 0}
    - target: {fileID: 7783931732556177914, guid: 417686273a2a0f446aafa607a871f54d, type: 3}
      propertyPath: m_AnchoredPosition.y
      value: -276
      objectReference: {fileID: 0}
    - target: {fileID: 8946141927272341707, guid: 417686273a2a0f446aafa607a871f54d, type: 3}
      propertyPath: m_Pivot.x
      value: 0.5
      objectReference: {fileID: 0}
    - target: {fileID: 8946141927272341707, guid: 417686273a2a0f446aafa607a871f54d, type: 3}
      propertyPath: m_Pivot.y
      value: 0.5
      objectReference: {fileID: 0}
    - target: {fileID: 8946141927272341707, guid: 417686273a2a0f446aafa607a871f54d, type: 3}
      propertyPath: m_RootOrder
      value: -1
      objectReference: {fileID: 0}
    - target: {fileID: 8946141927272341707, guid: 417686273a2a0f446aafa607a871f54d, type: 3}
      propertyPath: m_AnchorMax.x
      value: 0
      objectReference: {fileID: 0}
    - target: {fileID: 8946141927272341707, guid: 417686273a2a0f446aafa607a871f54d, type: 3}
      propertyPath: m_AnchorMax.y
      value: 0
      objectReference: {fileID: 0}
    - target: {fileID: 8946141927272341707, guid: 417686273a2a0f446aafa607a871f54d, type: 3}
      propertyPath: m_AnchorMin.x
      value: 0
      objectReference: {fileID: 0}
    - target: {fileID: 8946141927272341707, guid: 417686273a2a0f446aafa607a871f54d, type: 3}
      propertyPath: m_AnchorMin.y
      value: 0
      objectReference: {fileID: 0}
    - target: {fileID: 8946141927272341707, guid: 417686273a2a0f446aafa607a871f54d, type: 3}
      propertyPath: m_SizeDelta.x
      value: 604
      objectReference: {fileID: 0}
    - target: {fileID: 8946141927272341707, guid: 417686273a2a0f446aafa607a871f54d, type: 3}
      propertyPath: m_SizeDelta.y
      value: 340
      objectReference: {fileID: 0}
    - target: {fileID: 8946141927272341707, guid: 417686273a2a0f446aafa607a871f54d, type: 3}
      propertyPath: m_LocalScale.x
      value: 0.011077019
      objectReference: {fileID: 0}
    - target: {fileID: 8946141927272341707, guid: 417686273a2a0f446aafa607a871f54d, type: 3}
      propertyPath: m_LocalScale.y
      value: 0.01107702
      objectReference: {fileID: 0}
    - target: {fileID: 8946141927272341707, guid: 417686273a2a0f446aafa607a871f54d, type: 3}
      propertyPath: m_LocalScale.z
      value: 0.01107702
      objectReference: {fileID: 0}
    - target: {fileID: 8946141927272341707, guid: 417686273a2a0f446aafa607a871f54d, type: 3}
      propertyPath: m_LocalPosition.x
      value: 0
      objectReference: {fileID: 0}
    - target: {fileID: 8946141927272341707, guid: 417686273a2a0f446aafa607a871f54d, type: 3}
      propertyPath: m_LocalPosition.y
      value: 0
      objectReference: {fileID: 0}
    - target: {fileID: 8946141927272341707, guid: 417686273a2a0f446aafa607a871f54d, type: 3}
      propertyPath: m_LocalPosition.z
      value: 1.0866555
      objectReference: {fileID: 0}
    - target: {fileID: 8946141927272341707, guid: 417686273a2a0f446aafa607a871f54d, type: 3}
      propertyPath: m_LocalRotation.w
      value: 0.49999997
      objectReference: {fileID: 0}
    - target: {fileID: 8946141927272341707, guid: 417686273a2a0f446aafa607a871f54d, type: 3}
      propertyPath: m_LocalRotation.x
      value: 0.50000006
      objectReference: {fileID: 0}
    - target: {fileID: 8946141927272341707, guid: 417686273a2a0f446aafa607a871f54d, type: 3}
      propertyPath: m_LocalRotation.y
      value: -0.49999997
      objectReference: {fileID: 0}
    - target: {fileID: 8946141927272341707, guid: 417686273a2a0f446aafa607a871f54d, type: 3}
      propertyPath: m_LocalRotation.z
      value: -0.50000006
      objectReference: {fileID: 0}
    - target: {fileID: 8946141927272341707, guid: 417686273a2a0f446aafa607a871f54d, type: 3}
      propertyPath: m_AnchoredPosition.x
      value: 0.18830931
      objectReference: {fileID: 0}
    - target: {fileID: 8946141927272341707, guid: 417686273a2a0f446aafa607a871f54d, type: 3}
      propertyPath: m_AnchoredPosition.y
      value: 0.055385113
      objectReference: {fileID: 0}
    - target: {fileID: 8946141927272341707, guid: 417686273a2a0f446aafa607a871f54d, type: 3}
      propertyPath: m_LocalEulerAnglesHint.x
      value: 0
      objectReference: {fileID: 0}
    - target: {fileID: 8946141927272341707, guid: 417686273a2a0f446aafa607a871f54d, type: 3}
      propertyPath: m_LocalEulerAnglesHint.y
      value: -90
      objectReference: {fileID: 0}
    - target: {fileID: 8946141927272341707, guid: 417686273a2a0f446aafa607a871f54d, type: 3}
      propertyPath: m_LocalEulerAnglesHint.z
      value: 0
      objectReference: {fileID: 0}
    m_RemovedComponents: []
    m_RemovedGameObjects: []
    m_AddedGameObjects: []
    m_AddedComponents: []
  m_SourcePrefab: {fileID: 100100000, guid: 417686273a2a0f446aafa607a871f54d, type: 3}
--- !u!224 &4025065367792735007 stripped
RectTransform:
  m_CorrespondingSourceObject: {fileID: 8946141927272341707, guid: 417686273a2a0f446aafa607a871f54d, type: 3}
  m_PrefabInstance: {fileID: 5475518494609552340}
  m_PrefabAsset: {fileID: 0}
