%YAML 1.1
%TAG !u! tag:unity3d.com,2011:
--- !u!1001 &655756802444194102
PrefabInstance:
  m_ObjectHideFlags: 0
  serializedVersion: 2
  m_Modification:
    serializedVersion: 3
    m_TransformParent: {fileID: 0}
    m_Modifications:
    - target: {fileID: -9219275726312811600, guid: 7c3a08d6d3cf85e448cd2eb6ad6b1d83, type: 3}
      propertyPath: m_Layer
      value: 10
      objectReference: {fileID: 0}
    - target: {fileID: -9190214536508904991, guid: 7c3a08d6d3cf85e448cd2eb6ad6b1d83, type: 3}
      propertyPath: m_Layer
      value: 10
      objectReference: {fileID: 0}
    - target: {fileID: -9172651993756327150, guid: 7c3a08d6d3cf85e448cd2eb6ad6b1d83, type: 3}
      propertyPath: m_Layer
      value: 10
      objectReference: {fileID: 0}
    - target: {fileID: -9138938001360309223, guid: 7c3a08d6d3cf85e448cd2eb6ad6b1d83, type: 3}
      propertyPath: m_Layer
      value: 10
      objectReference: {fileID: 0}
    - target: {fileID: -9111268424392093345, guid: 7c3a08d6d3cf85e448cd2eb6ad6b1d83, type: 3}
      propertyPath: m_Layer
      value: 10
      objectReference: {fileID: 0}
    - target: {fileID: -9091509355552580517, guid: 7c3a08d6d3cf85e448cd2eb6ad6b1d83, type: 3}
      propertyPath: m_Layer
      value: 10
      objectReference: {fileID: 0}
    - target: {fileID: -9081327986658224052, guid: 7c3a08d6d3cf85e448cd2eb6ad6b1d83, type: 3}
      propertyPath: m_Layer
      value: 10
      objectReference: {fileID: 0}
    - target: {fileID: -9054142715483839446, guid: 7c3a08d6d3cf85e448cd2eb6ad6b1d83, type: 3}
      propertyPath: m_Layer
      value: 10
      objectReference: {fileID: 0}
    - target: {fileID: -9037914881996529463, guid: 7c3a08d6d3cf85e448cd2eb6ad6b1d83, type: 3}
      propertyPath: m_Layer
      value: 10
      objectReference: {fileID: 0}
    - target: {fileID: -9020461701690319270, guid: 7c3a08d6d3cf85e448cd2eb6ad6b1d83, type: 3}
      propertyPath: m_Layer
      value: 10
      objectReference: {fileID: 0}
    - target: {fileID: -8977724550246606522, guid: 7c3a08d6d3cf85e448cd2eb6ad6b1d83, type: 3}
      propertyPath: m_Layer
      value: 10
      objectReference: {fileID: 0}
    - target: {fileID: -8974505833881627533, guid: 7c3a08d6d3cf85e448cd2eb6ad6b1d83, type: 3}
      propertyPath: m_Layer
      value: 10
      objectReference: {fileID: 0}
    - target: {fileID: -8965711832412486387, guid: 7c3a08d6d3cf85e448cd2eb6ad6b1d83, type: 3}
      propertyPath: m_Layer
      value: 10
      objectReference: {fileID: 0}
    - target: {fileID: -8898100417486944677, guid: 7c3a08d6d3cf85e448cd2eb6ad6b1d83, type: 3}
      propertyPath: m_Layer
      value: 10
      objectReference: {fileID: 0}
    - target: {fileID: -8827075864550084937, guid: 7c3a08d6d3cf85e448cd2eb6ad6b1d83, type: 3}
      propertyPath: m_Layer
      value: 10
      objectReference: {fileID: 0}
    - target: {fileID: -8773754895728226975, guid: 7c3a08d6d3cf85e448cd2eb6ad6b1d83, type: 3}
      propertyPath: m_Layer
      value: 10
      objectReference: {fileID: 0}
    - target: {fileID: -8773507235803374322, guid: 7c3a08d6d3cf85e448cd2eb6ad6b1d83, type: 3}
      propertyPath: m_Layer
      value: 10
      objectReference: {fileID: 0}
    - target: {fileID: -8770467884519525142, guid: 7c3a08d6d3cf85e448cd2eb6ad6b1d83, type: 3}
      propertyPath: m_Layer
      value: 10
      objectReference: {fileID: 0}
    - target: {fileID: -8698927272404703038, guid: 7c3a08d6d3cf85e448cd2eb6ad6b1d83, type: 3}
      propertyPath: m_Layer
      value: 10
      objectReference: {fileID: 0}
    - target: {fileID: -8698631879454584071, guid: 7c3a08d6d3cf85e448cd2eb6ad6b1d83, type: 3}
      propertyPath: m_Layer
      value: 10
      objectReference: {fileID: 0}
    - target: {fileID: -8679921383154817045, guid: 7c3a08d6d3cf85e448cd2eb6ad6b1d83, type: 3}
      propertyPath: m_RootOrder
      value: 0
      objectReference: {fileID: 0}
    - target: {fileID: -8679921383154817045, guid: 7c3a08d6d3cf85e448cd2eb6ad6b1d83, type: 3}
      propertyPath: m_LocalScale.x
      value: 1.0601952
      objectReference: {fileID: 0}
    - target: {fileID: -8679921383154817045, guid: 7c3a08d6d3cf85e448cd2eb6ad6b1d83, type: 3}
      propertyPath: m_LocalScale.y
      value: 1.0601952
      objectReference: {fileID: 0}
    - target: {fileID: -8679921383154817045, guid: 7c3a08d6d3cf85e448cd2eb6ad6b1d83, type: 3}
      propertyPath: m_LocalScale.z
      value: 1.0601952
      objectReference: {fileID: 0}
    - target: {fileID: -8679921383154817045, guid: 7c3a08d6d3cf85e448cd2eb6ad6b1d83, type: 3}
      propertyPath: m_LocalPosition.x
      value: -10.476
      objectReference: {fileID: 0}
    - target: {fileID: -8679921383154817045, guid: 7c3a08d6d3cf85e448cd2eb6ad6b1d83, type: 3}
      propertyPath: m_LocalPosition.y
      value: 0.88767
      objectReference: {fileID: 0}
    - target: {fileID: -8679921383154817045, guid: 7c3a08d6d3cf85e448cd2eb6ad6b1d83, type: 3}
      propertyPath: m_LocalPosition.z
      value: 1.1045
      objectReference: {fileID: 0}
    - target: {fileID: -8679921383154817045, guid: 7c3a08d6d3cf85e448cd2eb6ad6b1d83, type: 3}
      propertyPath: m_LocalRotation.w
      value: 1
      objectReference: {fileID: 0}
    - target: {fileID: -8679921383154817045, guid: 7c3a08d6d3cf85e448cd2eb6ad6b1d83, type: 3}
      propertyPath: m_LocalRotation.x
      value: 0
      objectReference: {fileID: 0}
    - target: {fileID: -8679921383154817045, guid: 7c3a08d6d3cf85e448cd2eb6ad6b1d83, type: 3}
      propertyPath: m_LocalRotation.y
      value: 0
      objectReference: {fileID: 0}
    - target: {fileID: -8679921383154817045, guid: 7c3a08d6d3cf85e448cd2eb6ad6b1d83, type: 3}
      propertyPath: m_LocalRotation.z
      value: 0
      objectReference: {fileID: 0}
    - target: {fileID: -8679921383154817045, guid: 7c3a08d6d3cf85e448cd2eb6ad6b1d83, type: 3}
      propertyPath: m_LocalEulerAnglesHint.x
      value: 0
      objectReference: {fileID: 0}
    - target: {fileID: -8679921383154817045, guid: 7c3a08d6d3cf85e448cd2eb6ad6b1d83, type: 3}
      propertyPath: m_LocalEulerAnglesHint.y
      value: 0
      objectReference: {fileID: 0}
    - target: {fileID: -8679921383154817045, guid: 7c3a08d6d3cf85e448cd2eb6ad6b1d83, type: 3}
      propertyPath: m_LocalEulerAnglesHint.z
      value: 0
      objectReference: {fileID: 0}
    - target: {fileID: -8649536206165961323, guid: 7c3a08d6d3cf85e448cd2eb6ad6b1d83, type: 3}
      propertyPath: m_Layer
      value: 10
      objectReference: {fileID: 0}
    - target: {fileID: -8349663549373245444, guid: 7c3a08d6d3cf85e448cd2eb6ad6b1d83, type: 3}
      propertyPath: m_Layer
      value: 10
      objectReference: {fileID: 0}
    - target: {fileID: -8333957186453649516, guid: 7c3a08d6d3cf85e448cd2eb6ad6b1d83, type: 3}
      propertyPath: m_Layer
      value: 10
      objectReference: {fileID: 0}
    - target: {fileID: -8070289549705540355, guid: 7c3a08d6d3cf85e448cd2eb6ad6b1d83, type: 3}
      propertyPath: m_Layer
      value: 10
      objectReference: {fileID: 0}
    - target: {fileID: -8058605896562263319, guid: 7c3a08d6d3cf85e448cd2eb6ad6b1d83, type: 3}
      propertyPath: m_Layer
      value: 10
      objectReference: {fileID: 0}
    - target: {fileID: -8032919967503373305, guid: 7c3a08d6d3cf85e448cd2eb6ad6b1d83, type: 3}
      propertyPath: m_Layer
      value: 10
      objectReference: {fileID: 0}
    - target: {fileID: -8005824486707581843, guid: 7c3a08d6d3cf85e448cd2eb6ad6b1d83, type: 3}
      propertyPath: m_Layer
      value: 10
      objectReference: {fileID: 0}
    - target: {fileID: -7888457614559798176, guid: 7c3a08d6d3cf85e448cd2eb6ad6b1d83, type: 3}
      propertyPath: m_Layer
      value: 10
      objectReference: {fileID: 0}
    - target: {fileID: -7694726310403313193, guid: 7c3a08d6d3cf85e448cd2eb6ad6b1d83, type: 3}
      propertyPath: m_Layer
      value: 10
      objectReference: {fileID: 0}
    - target: {fileID: -7600603756464652712, guid: 7c3a08d6d3cf85e448cd2eb6ad6b1d83, type: 3}
      propertyPath: m_Layer
      value: 10
      objectReference: {fileID: 0}
    - target: {fileID: -7600603756464652712, guid: 7c3a08d6d3cf85e448cd2eb6ad6b1d83, type: 3}
      propertyPath: m_TagString
      value: ZombieEnd
      objectReference: {fileID: 0}
    - target: {fileID: -7560074841372709606, guid: 7c3a08d6d3cf85e448cd2eb6ad6b1d83, type: 3}
      propertyPath: m_Layer
      value: 10
      objectReference: {fileID: 0}
    - target: {fileID: -7530134163294780216, guid: 7c3a08d6d3cf85e448cd2eb6ad6b1d83, type: 3}
      propertyPath: m_Layer
      value: 10
      objectReference: {fileID: 0}
    - target: {fileID: -7498475224830366237, guid: 7c3a08d6d3cf85e448cd2eb6ad6b1d83, type: 3}
      propertyPath: m_Layer
      value: 10
      objectReference: {fileID: 0}
    - target: {fileID: -7497351724452111110, guid: 7c3a08d6d3cf85e448cd2eb6ad6b1d83, type: 3}
      propertyPath: m_Layer
      value: 10
      objectReference: {fileID: 0}
    - target: {fileID: -7470770071940474556, guid: 7c3a08d6d3cf85e448cd2eb6ad6b1d83, type: 3}
      propertyPath: m_Layer
      value: 10
      objectReference: {fileID: 0}
    - target: {fileID: -7331936240145366865, guid: 7c3a08d6d3cf85e448cd2eb6ad6b1d83, type: 3}
      propertyPath: m_Layer
      value: 10
      objectReference: {fileID: 0}
    - target: {fileID: -7323824264180100340, guid: 7c3a08d6d3cf85e448cd2eb6ad6b1d83, type: 3}
      propertyPath: m_Layer
      value: 10
      objectReference: {fileID: 0}
    - target: {fileID: -7280813285913765042, guid: 7c3a08d6d3cf85e448cd2eb6ad6b1d83, type: 3}
      propertyPath: m_Layer
      value: 10
      objectReference: {fileID: 0}
    - target: {fileID: -7267335445373617666, guid: 7c3a08d6d3cf85e448cd2eb6ad6b1d83, type: 3}
      propertyPath: m_Layer
      value: 10
      objectReference: {fileID: 0}
    - target: {fileID: -7266423210951158911, guid: 7c3a08d6d3cf85e448cd2eb6ad6b1d83, type: 3}
      propertyPath: m_Layer
      value: 10
      objectReference: {fileID: 0}
    - target: {fileID: -7121080116073536605, guid: 7c3a08d6d3cf85e448cd2eb6ad6b1d83, type: 3}
      propertyPath: m_Layer
      value: 10
      objectReference: {fileID: 0}
    - target: {fileID: -7102341033412233397, guid: 7c3a08d6d3cf85e448cd2eb6ad6b1d83, type: 3}
      propertyPath: m_Layer
      value: 10
      objectReference: {fileID: 0}
    - target: {fileID: -7070420874678328737, guid: 7c3a08d6d3cf85e448cd2eb6ad6b1d83, type: 3}
      propertyPath: m_Layer
      value: 10
      objectReference: {fileID: 0}
    - target: {fileID: -6983670324054285101, guid: 7c3a08d6d3cf85e448cd2eb6ad6b1d83, type: 3}
      propertyPath: m_Layer
      value: 10
      objectReference: {fileID: 0}
    - target: {fileID: -6939983344903714277, guid: 7c3a08d6d3cf85e448cd2eb6ad6b1d83, type: 3}
      propertyPath: m_Layer
      value: 10
      objectReference: {fileID: 0}
    - target: {fileID: -6931064041905985227, guid: 7c3a08d6d3cf85e448cd2eb6ad6b1d83, type: 3}
      propertyPath: m_Layer
      value: 10
      objectReference: {fileID: 0}
    - target: {fileID: -6914077838900680691, guid: 7c3a08d6d3cf85e448cd2eb6ad6b1d83, type: 3}
      propertyPath: m_Layer
      value: 10
      objectReference: {fileID: 0}
    - target: {fileID: -6836175706543877017, guid: 7c3a08d6d3cf85e448cd2eb6ad6b1d83, type: 3}
      propertyPath: m_Layer
      value: 10
      objectReference: {fileID: 0}
    - target: {fileID: -6831651081155445359, guid: 7c3a08d6d3cf85e448cd2eb6ad6b1d83, type: 3}
      propertyPath: m_Layer
      value: 10
      objectReference: {fileID: 0}
    - target: {fileID: -6726349917495933074, guid: 7c3a08d6d3cf85e448cd2eb6ad6b1d83, type: 3}
      propertyPath: m_Layer
      value: 10
      objectReference: {fileID: 0}
    - target: {fileID: -6700300851172939541, guid: 7c3a08d6d3cf85e448cd2eb6ad6b1d83, type: 3}
      propertyPath: m_Layer
      value: 10
      objectReference: {fileID: 0}
    - target: {fileID: -6687716866853246332, guid: 7c3a08d6d3cf85e448cd2eb6ad6b1d83, type: 3}
      propertyPath: m_Layer
      value: 10
      objectReference: {fileID: 0}
    - target: {fileID: -6644698868768664422, guid: 7c3a08d6d3cf85e448cd2eb6ad6b1d83, type: 3}
      propertyPath: m_Layer
      value: 10
      objectReference: {fileID: 0}
    - target: {fileID: -6567442605732278822, guid: 7c3a08d6d3cf85e448cd2eb6ad6b1d83, type: 3}
      propertyPath: m_Layer
      value: 10
      objectReference: {fileID: 0}
    - target: {fileID: -6560288571204589589, guid: 7c3a08d6d3cf85e448cd2eb6ad6b1d83, type: 3}
      propertyPath: m_Layer
      value: 10
      objectReference: {fileID: 0}
    - target: {fileID: -6548585448672747557, guid: 7c3a08d6d3cf85e448cd2eb6ad6b1d83, type: 3}
      propertyPath: m_Layer
      value: 10
      objectReference: {fileID: 0}
    - target: {fileID: -6521481174701612815, guid: 7c3a08d6d3cf85e448cd2eb6ad6b1d83, type: 3}
      propertyPath: m_Layer
      value: 10
      objectReference: {fileID: 0}
    - target: {fileID: -6519274854124138348, guid: 7c3a08d6d3cf85e448cd2eb6ad6b1d83, type: 3}
      propertyPath: m_Layer
      value: 10
      objectReference: {fileID: 0}
    - target: {fileID: -6510038097381997573, guid: 7c3a08d6d3cf85e448cd2eb6ad6b1d83, type: 3}
      propertyPath: m_Layer
      value: 10
      objectReference: {fileID: 0}
    - target: {fileID: -6441229611601197587, guid: 7c3a08d6d3cf85e448cd2eb6ad6b1d83, type: 3}
      propertyPath: m_Layer
      value: 10
      objectReference: {fileID: 0}
    - target: {fileID: -6408271648325232636, guid: 7c3a08d6d3cf85e448cd2eb6ad6b1d83, type: 3}
      propertyPath: m_Layer
      value: 10
      objectReference: {fileID: 0}
    - target: {fileID: -6385727799288653776, guid: 7c3a08d6d3cf85e448cd2eb6ad6b1d83, type: 3}
      propertyPath: m_Layer
      value: 10
      objectReference: {fileID: 0}
    - target: {fileID: -6374237267326720207, guid: 7c3a08d6d3cf85e448cd2eb6ad6b1d83, type: 3}
      propertyPath: m_Layer
      value: 10
      objectReference: {fileID: 0}
    - target: {fileID: -6363250136380659396, guid: 7c3a08d6d3cf85e448cd2eb6ad6b1d83, type: 3}
      propertyPath: m_Layer
      value: 10
      objectReference: {fileID: 0}
    - target: {fileID: -6318327232370669433, guid: 7c3a08d6d3cf85e448cd2eb6ad6b1d83, type: 3}
      propertyPath: m_Layer
      value: 10
      objectReference: {fileID: 0}
    - target: {fileID: -6306270554160872978, guid: 7c3a08d6d3cf85e448cd2eb6ad6b1d83, type: 3}
      propertyPath: m_Layer
      value: 10
      objectReference: {fileID: 0}
    - target: {fileID: -6287211832757903364, guid: 7c3a08d6d3cf85e448cd2eb6ad6b1d83, type: 3}
      propertyPath: m_Layer
      value: 10
      objectReference: {fileID: 0}
    - target: {fileID: -6269645352264559762, guid: 7c3a08d6d3cf85e448cd2eb6ad6b1d83, type: 3}
      propertyPath: m_Layer
      value: 10
      objectReference: {fileID: 0}
    - target: {fileID: -6251176777005887675, guid: 7c3a08d6d3cf85e448cd2eb6ad6b1d83, type: 3}
      propertyPath: m_Layer
      value: 10
      objectReference: {fileID: 0}
    - target: {fileID: -6248295502615382001, guid: 7c3a08d6d3cf85e448cd2eb6ad6b1d83, type: 3}
      propertyPath: m_Layer
      value: 10
      objectReference: {fileID: 0}
    - target: {fileID: -6247945034147084998, guid: 7c3a08d6d3cf85e448cd2eb6ad6b1d83, type: 3}
      propertyPath: m_LocalPosition.x
      value: 0
      objectReference: {fileID: 0}
    - target: {fileID: -6247945034147084998, guid: 7c3a08d6d3cf85e448cd2eb6ad6b1d83, type: 3}
      propertyPath: m_LocalPosition.z
      value: -0.574
      objectReference: {fileID: 0}
    - target: {fileID: -6133495999717171593, guid: 7c3a08d6d3cf85e448cd2eb6ad6b1d83, type: 3}
      propertyPath: m_Layer
      value: 10
      objectReference: {fileID: 0}
    - target: {fileID: -6119370091557433589, guid: 7c3a08d6d3cf85e448cd2eb6ad6b1d83, type: 3}
      propertyPath: m_Layer
      value: 10
      objectReference: {fileID: 0}
    - target: {fileID: -6118212350758736555, guid: 7c3a08d6d3cf85e448cd2eb6ad6b1d83, type: 3}
      propertyPath: m_Layer
      value: 10
      objectReference: {fileID: 0}
    - target: {fileID: -6053120508108884527, guid: 7c3a08d6d3cf85e448cd2eb6ad6b1d83, type: 3}
      propertyPath: m_Layer
      value: 10
      objectReference: {fileID: 0}
    - target: {fileID: -6033681980566118059, guid: 7c3a08d6d3cf85e448cd2eb6ad6b1d83, type: 3}
      propertyPath: m_Layer
      value: 10
      objectReference: {fileID: 0}
    - target: {fileID: -6021005310164400186, guid: 7c3a08d6d3cf85e448cd2eb6ad6b1d83, type: 3}
      propertyPath: m_Layer
      value: 10
      objectReference: {fileID: 0}
    - target: {fileID: -5936864678920281247, guid: 7c3a08d6d3cf85e448cd2eb6ad6b1d83, type: 3}
      propertyPath: m_Layer
      value: 10
      objectReference: {fileID: 0}
    - target: {fileID: -5801957630378904191, guid: 7c3a08d6d3cf85e448cd2eb6ad6b1d83, type: 3}
      propertyPath: m_Layer
      value: 10
      objectReference: {fileID: 0}
    - target: {fileID: -5762650373797059927, guid: 7c3a08d6d3cf85e448cd2eb6ad6b1d83, type: 3}
      propertyPath: m_Layer
      value: 10
      objectReference: {fileID: 0}
    - target: {fileID: -5755710338422577959, guid: 7c3a08d6d3cf85e448cd2eb6ad6b1d83, type: 3}
      propertyPath: m_Layer
      value: 10
      objectReference: {fileID: 0}
    - target: {fileID: -5752317650757787583, guid: 7c3a08d6d3cf85e448cd2eb6ad6b1d83, type: 3}
      propertyPath: m_Layer
      value: 10
      objectReference: {fileID: 0}
    - target: {fileID: -5726161885480650823, guid: 7c3a08d6d3cf85e448cd2eb6ad6b1d83, type: 3}
      propertyPath: m_Layer
      value: 10
      objectReference: {fileID: 0}
    - target: {fileID: -5712854841241099817, guid: 7c3a08d6d3cf85e448cd2eb6ad6b1d83, type: 3}
      propertyPath: m_Layer
      value: 10
      objectReference: {fileID: 0}
    - target: {fileID: -5705526830849596175, guid: 7c3a08d6d3cf85e448cd2eb6ad6b1d83, type: 3}
      propertyPath: m_Layer
      value: 10
      objectReference: {fileID: 0}
    - target: {fileID: -5697655280653813636, guid: 7c3a08d6d3cf85e448cd2eb6ad6b1d83, type: 3}
      propertyPath: m_Layer
      value: 10
      objectReference: {fileID: 0}
    - target: {fileID: -5684679050503105727, guid: 7c3a08d6d3cf85e448cd2eb6ad6b1d83, type: 3}
      propertyPath: m_Layer
      value: 10
      objectReference: {fileID: 0}
    - target: {fileID: -5650828019377630515, guid: 7c3a08d6d3cf85e448cd2eb6ad6b1d83, type: 3}
      propertyPath: m_Layer
      value: 10
      objectReference: {fileID: 0}
    - target: {fileID: -5622951897988561077, guid: 7c3a08d6d3cf85e448cd2eb6ad6b1d83, type: 3}
      propertyPath: m_Layer
      value: 10
      objectReference: {fileID: 0}
    - target: {fileID: -5573946822441811671, guid: 7c3a08d6d3cf85e448cd2eb6ad6b1d83, type: 3}
      propertyPath: m_Layer
      value: 10
      objectReference: {fileID: 0}
    - target: {fileID: -5413402911222677155, guid: 7c3a08d6d3cf85e448cd2eb6ad6b1d83, type: 3}
      propertyPath: m_Layer
      value: 10
      objectReference: {fileID: 0}
    - target: {fileID: -5374378105239976653, guid: 7c3a08d6d3cf85e448cd2eb6ad6b1d83, type: 3}
      propertyPath: m_Layer
      value: 10
      objectReference: {fileID: 0}
    - target: {fileID: -5356680180212347707, guid: 7c3a08d6d3cf85e448cd2eb6ad6b1d83, type: 3}
      propertyPath: m_Layer
      value: 10
      objectReference: {fileID: 0}
    - target: {fileID: -5325590341605089111, guid: 7c3a08d6d3cf85e448cd2eb6ad6b1d83, type: 3}
      propertyPath: m_Layer
      value: 10
      objectReference: {fileID: 0}
    - target: {fileID: -5246056375870557267, guid: 7c3a08d6d3cf85e448cd2eb6ad6b1d83, type: 3}
      propertyPath: m_Layer
      value: 10
      objectReference: {fileID: 0}
    - target: {fileID: -5219899217360794631, guid: 7c3a08d6d3cf85e448cd2eb6ad6b1d83, type: 3}
      propertyPath: m_Layer
      value: 10
      objectReference: {fileID: 0}
    - target: {fileID: -5218157714766716445, guid: 7c3a08d6d3cf85e448cd2eb6ad6b1d83, type: 3}
      propertyPath: m_Layer
      value: 10
      objectReference: {fileID: 0}
    - target: {fileID: -5208731904666196297, guid: 7c3a08d6d3cf85e448cd2eb6ad6b1d83, type: 3}
      propertyPath: m_Layer
      value: 10
      objectReference: {fileID: 0}
    - target: {fileID: -5105656099185244388, guid: 7c3a08d6d3cf85e448cd2eb6ad6b1d83, type: 3}
      propertyPath: m_Layer
      value: 10
      objectReference: {fileID: 0}
    - target: {fileID: -5044771184926607936, guid: 7c3a08d6d3cf85e448cd2eb6ad6b1d83, type: 3}
      propertyPath: m_Layer
      value: 10
      objectReference: {fileID: 0}
    - target: {fileID: -4937691838310479383, guid: 7c3a08d6d3cf85e448cd2eb6ad6b1d83, type: 3}
      propertyPath: m_Layer
      value: 10
      objectReference: {fileID: 0}
    - target: {fileID: -4921038656596475419, guid: 7c3a08d6d3cf85e448cd2eb6ad6b1d83, type: 3}
      propertyPath: m_Layer
      value: 10
      objectReference: {fileID: 0}
    - target: {fileID: -4916280451227925104, guid: 7c3a08d6d3cf85e448cd2eb6ad6b1d83, type: 3}
      propertyPath: m_Layer
      value: 10
      objectReference: {fileID: 0}
    - target: {fileID: -4904278901695373224, guid: 7c3a08d6d3cf85e448cd2eb6ad6b1d83, type: 3}
      propertyPath: m_Layer
      value: 10
      objectReference: {fileID: 0}
    - target: {fileID: -4892146325559781194, guid: 7c3a08d6d3cf85e448cd2eb6ad6b1d83, type: 3}
      propertyPath: m_Layer
      value: 10
      objectReference: {fileID: 0}
    - target: {fileID: -4883976443757789131, guid: 7c3a08d6d3cf85e448cd2eb6ad6b1d83, type: 3}
      propertyPath: m_Layer
      value: 10
      objectReference: {fileID: 0}
    - target: {fileID: -4837557901321031687, guid: 7c3a08d6d3cf85e448cd2eb6ad6b1d83, type: 3}
      propertyPath: m_Layer
      value: 10
      objectReference: {fileID: 0}
    - target: {fileID: -4829250541120259516, guid: 7c3a08d6d3cf85e448cd2eb6ad6b1d83, type: 3}
      propertyPath: m_Layer
      value: 10
      objectReference: {fileID: 0}
    - target: {fileID: -4782227666947557267, guid: 7c3a08d6d3cf85e448cd2eb6ad6b1d83, type: 3}
      propertyPath: m_Layer
      value: 10
      objectReference: {fileID: 0}
    - target: {fileID: -4708666946132491557, guid: 7c3a08d6d3cf85e448cd2eb6ad6b1d83, type: 3}
      propertyPath: m_Layer
      value: 10
      objectReference: {fileID: 0}
    - target: {fileID: -4690539461804047778, guid: 7c3a08d6d3cf85e448cd2eb6ad6b1d83, type: 3}
      propertyPath: m_Layer
      value: 10
      objectReference: {fileID: 0}
    - target: {fileID: -4627225118789126078, guid: 7c3a08d6d3cf85e448cd2eb6ad6b1d83, type: 3}
      propertyPath: m_Layer
      value: 10
      objectReference: {fileID: 0}
    - target: {fileID: -4598482617140792911, guid: 7c3a08d6d3cf85e448cd2eb6ad6b1d83, type: 3}
      propertyPath: m_Layer
      value: 10
      objectReference: {fileID: 0}
    - target: {fileID: -4455737484569472855, guid: 7c3a08d6d3cf85e448cd2eb6ad6b1d83, type: 3}
      propertyPath: m_Layer
      value: 10
      objectReference: {fileID: 0}
    - target: {fileID: -4370866973547495713, guid: 7c3a08d6d3cf85e448cd2eb6ad6b1d83, type: 3}
      propertyPath: m_Layer
      value: 10
      objectReference: {fileID: 0}
    - target: {fileID: -4323490139520158141, guid: 7c3a08d6d3cf85e448cd2eb6ad6b1d83, type: 3}
      propertyPath: m_Layer
      value: 10
      objectReference: {fileID: 0}
    - target: {fileID: -4307522338041652179, guid: 7c3a08d6d3cf85e448cd2eb6ad6b1d83, type: 3}
      propertyPath: m_Layer
      value: 10
      objectReference: {fileID: 0}
    - target: {fileID: -4293691592951456195, guid: 7c3a08d6d3cf85e448cd2eb6ad6b1d83, type: 3}
      propertyPath: m_Layer
      value: 10
      objectReference: {fileID: 0}
    - target: {fileID: -4288107513587935943, guid: 7c3a08d6d3cf85e448cd2eb6ad6b1d83, type: 3}
      propertyPath: m_Layer
      value: 10
      objectReference: {fileID: 0}
    - target: {fileID: -4245690288755894641, guid: 7c3a08d6d3cf85e448cd2eb6ad6b1d83, type: 3}
      propertyPath: m_Layer
      value: 10
      objectReference: {fileID: 0}
    - target: {fileID: -4107664014892281357, guid: 7c3a08d6d3cf85e448cd2eb6ad6b1d83, type: 3}
      propertyPath: m_Layer
      value: 10
      objectReference: {fileID: 0}
    - target: {fileID: -3947947513484123466, guid: 7c3a08d6d3cf85e448cd2eb6ad6b1d83, type: 3}
      propertyPath: m_Layer
      value: 10
      objectReference: {fileID: 0}
    - target: {fileID: -3926801591253335721, guid: 7c3a08d6d3cf85e448cd2eb6ad6b1d83, type: 3}
      propertyPath: m_Layer
      value: 10
      objectReference: {fileID: 0}
    - target: {fileID: -3900302093856669505, guid: 7c3a08d6d3cf85e448cd2eb6ad6b1d83, type: 3}
      propertyPath: m_Layer
      value: 10
      objectReference: {fileID: 0}
    - target: {fileID: -3851357760470551091, guid: 7c3a08d6d3cf85e448cd2eb6ad6b1d83, type: 3}
      propertyPath: m_Layer
      value: 10
      objectReference: {fileID: 0}
    - target: {fileID: -3805471703710325521, guid: 7c3a08d6d3cf85e448cd2eb6ad6b1d83, type: 3}
      propertyPath: m_Layer
      value: 10
      objectReference: {fileID: 0}
    - target: {fileID: -3714358398996481034, guid: 7c3a08d6d3cf85e448cd2eb6ad6b1d83, type: 3}
      propertyPath: m_Layer
      value: 10
      objectReference: {fileID: 0}
    - target: {fileID: -3540195106719886435, guid: 7c3a08d6d3cf85e448cd2eb6ad6b1d83, type: 3}
      propertyPath: m_Layer
      value: 10
      objectReference: {fileID: 0}
    - target: {fileID: -3490436530593124740, guid: 7c3a08d6d3cf85e448cd2eb6ad6b1d83, type: 3}
      propertyPath: m_Layer
      value: 10
      objectReference: {fileID: 0}
    - target: {fileID: -3466354388561399860, guid: 7c3a08d6d3cf85e448cd2eb6ad6b1d83, type: 3}
      propertyPath: m_Layer
      value: 10
      objectReference: {fileID: 0}
    - target: {fileID: -3427197498267506291, guid: 7c3a08d6d3cf85e448cd2eb6ad6b1d83, type: 3}
      propertyPath: m_Layer
      value: 10
      objectReference: {fileID: 0}
    - target: {fileID: -3410199195258465664, guid: 7c3a08d6d3cf85e448cd2eb6ad6b1d83, type: 3}
      propertyPath: m_Layer
      value: 10
      objectReference: {fileID: 0}
    - target: {fileID: -3365737298062484939, guid: 7c3a08d6d3cf85e448cd2eb6ad6b1d83, type: 3}
      propertyPath: m_Layer
      value: 10
      objectReference: {fileID: 0}
    - target: {fileID: -3186035025269474826, guid: 7c3a08d6d3cf85e448cd2eb6ad6b1d83, type: 3}
      propertyPath: m_Layer
      value: 10
      objectReference: {fileID: 0}
    - target: {fileID: -3081994679161391779, guid: 7c3a08d6d3cf85e448cd2eb6ad6b1d83, type: 3}
      propertyPath: m_LocalPosition.z
      value: 0.5229914
      objectReference: {fileID: 0}
    - target: {fileID: -3071127627398222931, guid: 7c3a08d6d3cf85e448cd2eb6ad6b1d83, type: 3}
      propertyPath: m_Layer
      value: 10
      objectReference: {fileID: 0}
    - target: {fileID: -3005505215380241151, guid: 7c3a08d6d3cf85e448cd2eb6ad6b1d83, type: 3}
      propertyPath: m_Layer
      value: 10
      objectReference: {fileID: 0}
    - target: {fileID: -2987195444430521563, guid: 7c3a08d6d3cf85e448cd2eb6ad6b1d83, type: 3}
      propertyPath: m_Layer
      value: 10
      objectReference: {fileID: 0}
    - target: {fileID: -2926934326658149667, guid: 7c3a08d6d3cf85e448cd2eb6ad6b1d83, type: 3}
      propertyPath: m_Layer
      value: 10
      objectReference: {fileID: 0}
    - target: {fileID: -2923497938951797066, guid: 7c3a08d6d3cf85e448cd2eb6ad6b1d83, type: 3}
      propertyPath: m_Layer
      value: 10
      objectReference: {fileID: 0}
    - target: {fileID: -2843785705563781740, guid: 7c3a08d6d3cf85e448cd2eb6ad6b1d83, type: 3}
      propertyPath: m_Layer
      value: 10
      objectReference: {fileID: 0}
    - target: {fileID: -2796530438204171579, guid: 7c3a08d6d3cf85e448cd2eb6ad6b1d83, type: 3}
      propertyPath: m_Layer
      value: 10
      objectReference: {fileID: 0}
    - target: {fileID: -2701969277370504527, guid: 7c3a08d6d3cf85e448cd2eb6ad6b1d83, type: 3}
      propertyPath: m_Layer
      value: 10
      objectReference: {fileID: 0}
    - target: {fileID: -2667569998358296599, guid: 7c3a08d6d3cf85e448cd2eb6ad6b1d83, type: 3}
      propertyPath: m_Layer
      value: 10
      objectReference: {fileID: 0}
    - target: {fileID: -2606836840000820850, guid: 7c3a08d6d3cf85e448cd2eb6ad6b1d83, type: 3}
      propertyPath: m_Layer
      value: 10
      objectReference: {fileID: 0}
    - target: {fileID: -2593194962490024523, guid: 7c3a08d6d3cf85e448cd2eb6ad6b1d83, type: 3}
      propertyPath: m_Layer
      value: 10
      objectReference: {fileID: 0}
    - target: {fileID: -2559499805072487743, guid: 7c3a08d6d3cf85e448cd2eb6ad6b1d83, type: 3}
      propertyPath: m_Layer
      value: 10
      objectReference: {fileID: 0}
    - target: {fileID: -2468050311013288061, guid: 7c3a08d6d3cf85e448cd2eb6ad6b1d83, type: 3}
      propertyPath: m_Layer
      value: 10
      objectReference: {fileID: 0}
    - target: {fileID: -2446140465833206508, guid: 7c3a08d6d3cf85e448cd2eb6ad6b1d83, type: 3}
      propertyPath: m_Layer
      value: 10
      objectReference: {fileID: 0}
    - target: {fileID: -2433968286384910833, guid: 7c3a08d6d3cf85e448cd2eb6ad6b1d83, type: 3}
      propertyPath: m_Layer
      value: 10
      objectReference: {fileID: 0}
    - target: {fileID: -2407925151003512102, guid: 7c3a08d6d3cf85e448cd2eb6ad6b1d83, type: 3}
      propertyPath: m_Layer
      value: 10
      objectReference: {fileID: 0}
    - target: {fileID: -2345481770117638927, guid: 7c3a08d6d3cf85e448cd2eb6ad6b1d83, type: 3}
      propertyPath: m_Layer
      value: 10
      objectReference: {fileID: 0}
    - target: {fileID: -2344363933074475201, guid: 7c3a08d6d3cf85e448cd2eb6ad6b1d83, type: 3}
      propertyPath: m_Layer
      value: 10
      objectReference: {fileID: 0}
    - target: {fileID: -2238403422230417577, guid: 7c3a08d6d3cf85e448cd2eb6ad6b1d83, type: 3}
      propertyPath: m_Layer
      value: 10
      objectReference: {fileID: 0}
    - target: {fileID: -2232737046856173438, guid: 7c3a08d6d3cf85e448cd2eb6ad6b1d83, type: 3}
      propertyPath: m_Layer
      value: 10
      objectReference: {fileID: 0}
    - target: {fileID: -2210543422977073519, guid: 7c3a08d6d3cf85e448cd2eb6ad6b1d83, type: 3}
      propertyPath: m_Layer
      value: 10
      objectReference: {fileID: 0}
    - target: {fileID: -2177042654029458836, guid: 7c3a08d6d3cf85e448cd2eb6ad6b1d83, type: 3}
      propertyPath: m_Layer
      value: 10
      objectReference: {fileID: 0}
    - target: {fileID: -2159806814075660993, guid: 7c3a08d6d3cf85e448cd2eb6ad6b1d83, type: 3}
      propertyPath: m_Layer
      value: 10
      objectReference: {fileID: 0}
    - target: {fileID: -2080772736682019293, guid: 7c3a08d6d3cf85e448cd2eb6ad6b1d83, type: 3}
      propertyPath: m_Layer
      value: 10
      objectReference: {fileID: 0}
    - target: {fileID: -2035753816312997702, guid: 7c3a08d6d3cf85e448cd2eb6ad6b1d83, type: 3}
      propertyPath: m_Layer
      value: 10
      objectReference: {fileID: 0}
    - target: {fileID: -2026398180888499348, guid: 7c3a08d6d3cf85e448cd2eb6ad6b1d83, type: 3}
      propertyPath: m_Layer
      value: 10
      objectReference: {fileID: 0}
    - target: {fileID: -2024688412656527647, guid: 7c3a08d6d3cf85e448cd2eb6ad6b1d83, type: 3}
      propertyPath: m_Layer
      value: 10
      objectReference: {fileID: 0}
    - target: {fileID: -2017040927768982318, guid: 7c3a08d6d3cf85e448cd2eb6ad6b1d83, type: 3}
      propertyPath: m_Layer
      value: 10
      objectReference: {fileID: 0}
    - target: {fileID: -1989602194828889577, guid: 7c3a08d6d3cf85e448cd2eb6ad6b1d83, type: 3}
      propertyPath: m_Layer
      value: 10
      objectReference: {fileID: 0}
    - target: {fileID: -1981339020033997711, guid: 7c3a08d6d3cf85e448cd2eb6ad6b1d83, type: 3}
      propertyPath: m_Layer
      value: 10
      objectReference: {fileID: 0}
    - target: {fileID: -1967857896331601748, guid: 7c3a08d6d3cf85e448cd2eb6ad6b1d83, type: 3}
      propertyPath: m_Layer
      value: 10
      objectReference: {fileID: 0}
    - target: {fileID: -1910785610326721129, guid: 7c3a08d6d3cf85e448cd2eb6ad6b1d83, type: 3}
      propertyPath: m_Layer
      value: 10
      objectReference: {fileID: 0}
    - target: {fileID: -1877427770388006010, guid: 7c3a08d6d3cf85e448cd2eb6ad6b1d83, type: 3}
      propertyPath: m_Layer
      value: 10
      objectReference: {fileID: 0}
    - target: {fileID: -1860937125823489238, guid: 7c3a08d6d3cf85e448cd2eb6ad6b1d83, type: 3}
      propertyPath: m_Layer
      value: 10
      objectReference: {fileID: 0}
    - target: {fileID: -1847321131502569050, guid: 7c3a08d6d3cf85e448cd2eb6ad6b1d83, type: 3}
      propertyPath: m_Layer
      value: 10
      objectReference: {fileID: 0}
    - target: {fileID: -1801464254728455634, guid: 7c3a08d6d3cf85e448cd2eb6ad6b1d83, type: 3}
      propertyPath: m_Layer
      value: 10
      objectReference: {fileID: 0}
    - target: {fileID: -1760910577153683508, guid: 7c3a08d6d3cf85e448cd2eb6ad6b1d83, type: 3}
      propertyPath: m_Layer
      value: 10
      objectReference: {fileID: 0}
    - target: {fileID: -1728837235532965906, guid: 7c3a08d6d3cf85e448cd2eb6ad6b1d83, type: 3}
      propertyPath: m_Layer
      value: 10
      objectReference: {fileID: 0}
    - target: {fileID: -1718580752761413172, guid: 7c3a08d6d3cf85e448cd2eb6ad6b1d83, type: 3}
      propertyPath: m_Layer
      value: 10
      objectReference: {fileID: 0}
    - target: {fileID: -1691913922860968610, guid: 7c3a08d6d3cf85e448cd2eb6ad6b1d83, type: 3}
      propertyPath: m_Layer
      value: 10
      objectReference: {fileID: 0}
    - target: {fileID: -1643100240915710870, guid: 7c3a08d6d3cf85e448cd2eb6ad6b1d83, type: 3}
      propertyPath: m_Layer
      value: 10
      objectReference: {fileID: 0}
    - target: {fileID: -1643100240915710870, guid: 7c3a08d6d3cf85e448cd2eb6ad6b1d83, type: 3}
      propertyPath: m_TagString
      value: Untagged
      objectReference: {fileID: 0}
    - target: {fileID: -1629742742817451960, guid: 7c3a08d6d3cf85e448cd2eb6ad6b1d83, type: 3}
      propertyPath: m_Layer
      value: 10
      objectReference: {fileID: 0}
    - target: {fileID: -1628886169606572837, guid: 7c3a08d6d3cf85e448cd2eb6ad6b1d83, type: 3}
      propertyPath: m_Layer
      value: 10
      objectReference: {fileID: 0}
    - target: {fileID: -1543477770424843251, guid: 7c3a08d6d3cf85e448cd2eb6ad6b1d83, type: 3}
      propertyPath: m_Layer
      value: 10
      objectReference: {fileID: 0}
    - target: {fileID: -1531701786342564444, guid: 7c3a08d6d3cf85e448cd2eb6ad6b1d83, type: 3}
      propertyPath: m_Layer
      value: 10
      objectReference: {fileID: 0}
    - target: {fileID: -1358271073772715028, guid: 7c3a08d6d3cf85e448cd2eb6ad6b1d83, type: 3}
      propertyPath: m_Layer
      value: 10
      objectReference: {fileID: 0}
    - target: {fileID: -1318222413944712865, guid: 7c3a08d6d3cf85e448cd2eb6ad6b1d83, type: 3}
      propertyPath: m_Layer
      value: 10
      objectReference: {fileID: 0}
    - target: {fileID: -1247543435143548140, guid: 7c3a08d6d3cf85e448cd2eb6ad6b1d83, type: 3}
      propertyPath: m_Layer
      value: 10
      objectReference: {fileID: 0}
    - target: {fileID: -1062342502988305772, guid: 7c3a08d6d3cf85e448cd2eb6ad6b1d83, type: 3}
      propertyPath: m_Layer
      value: 10
      objectReference: {fileID: 0}
    - target: {fileID: -1053001924846050811, guid: 7c3a08d6d3cf85e448cd2eb6ad6b1d83, type: 3}
      propertyPath: m_Layer
      value: 10
      objectReference: {fileID: 0}
    - target: {fileID: -946293650046757757, guid: 7c3a08d6d3cf85e448cd2eb6ad6b1d83, type: 3}
      propertyPath: m_Layer
      value: 10
      objectReference: {fileID: 0}
    - target: {fileID: -911851140196546060, guid: 7c3a08d6d3cf85e448cd2eb6ad6b1d83, type: 3}
      propertyPath: m_Layer
      value: 10
      objectReference: {fileID: 0}
    - target: {fileID: -876947237681962127, guid: 7c3a08d6d3cf85e448cd2eb6ad6b1d83, type: 3}
      propertyPath: m_Layer
      value: 10
      objectReference: {fileID: 0}
    - target: {fileID: -804697955524221088, guid: 7c3a08d6d3cf85e448cd2eb6ad6b1d83, type: 3}
      propertyPath: m_Layer
      value: 10
      objectReference: {fileID: 0}
    - target: {fileID: -776563309113276290, guid: 7c3a08d6d3cf85e448cd2eb6ad6b1d83, type: 3}
      propertyPath: m_Layer
      value: 10
      objectReference: {fileID: 0}
    - target: {fileID: -636993479028201097, guid: 7c3a08d6d3cf85e448cd2eb6ad6b1d83, type: 3}
      propertyPath: m_Layer
      value: 10
      objectReference: {fileID: 0}
    - target: {fileID: -598032343402941373, guid: 7c3a08d6d3cf85e448cd2eb6ad6b1d83, type: 3}
      propertyPath: m_Layer
      value: 10
      objectReference: {fileID: 0}
    - target: {fileID: -571339530592217776, guid: 7c3a08d6d3cf85e448cd2eb6ad6b1d83, type: 3}
      propertyPath: m_Layer
      value: 10
      objectReference: {fileID: 0}
    - target: {fileID: -536243991896633757, guid: 7c3a08d6d3cf85e448cd2eb6ad6b1d83, type: 3}
      propertyPath: m_Layer
      value: 10
      objectReference: {fileID: 0}
    - target: {fileID: -426211899976519412, guid: 7c3a08d6d3cf85e448cd2eb6ad6b1d83, type: 3}
      propertyPath: m_Layer
      value: 10
      objectReference: {fileID: 0}
    - target: {fileID: -218923642893513074, guid: 7c3a08d6d3cf85e448cd2eb6ad6b1d83, type: 3}
      propertyPath: m_Layer
      value: 10
      objectReference: {fileID: 0}
    - target: {fileID: -208290569646709908, guid: 7c3a08d6d3cf85e448cd2eb6ad6b1d83, type: 3}
      propertyPath: m_Layer
      value: 10
      objectReference: {fileID: 0}
    - target: {fileID: -173747749518065500, guid: 7c3a08d6d3cf85e448cd2eb6ad6b1d83, type: 3}
      propertyPath: m_Layer
      value: 10
      objectReference: {fileID: 0}
    - target: {fileID: -113534806664824158, guid: 7c3a08d6d3cf85e448cd2eb6ad6b1d83, type: 3}
      propertyPath: m_Layer
      value: 10
      objectReference: {fileID: 0}
    - target: {fileID: -108431107027085258, guid: 7c3a08d6d3cf85e448cd2eb6ad6b1d83, type: 3}
      propertyPath: m_Layer
      value: 10
      objectReference: {fileID: 0}
    - target: {fileID: -103311125408756118, guid: 7c3a08d6d3cf85e448cd2eb6ad6b1d83, type: 3}
      propertyPath: m_Layer
      value: 10
      objectReference: {fileID: 0}
    - target: {fileID: -96727451461932941, guid: 7c3a08d6d3cf85e448cd2eb6ad6b1d83, type: 3}
      propertyPath: m_Layer
      value: 10
      objectReference: {fileID: 0}
    - target: {fileID: -62533097765467008, guid: 7c3a08d6d3cf85e448cd2eb6ad6b1d83, type: 3}
      propertyPath: m_Layer
      value: 10
      objectReference: {fileID: 0}
    - target: {fileID: 48447359340726512, guid: 7c3a08d6d3cf85e448cd2eb6ad6b1d83, type: 3}
      propertyPath: m_Layer
      value: 10
      objectReference: {fileID: 0}
    - target: {fileID: 88349994106650621, guid: 7c3a08d6d3cf85e448cd2eb6ad6b1d83, type: 3}
      propertyPath: m_Layer
      value: 10
      objectReference: {fileID: 0}
    - target: {fileID: 114341649791675361, guid: 7c3a08d6d3cf85e448cd2eb6ad6b1d83, type: 3}
      propertyPath: m_Layer
      value: 10
      objectReference: {fileID: 0}
    - target: {fileID: 160764225791555050, guid: 7c3a08d6d3cf85e448cd2eb6ad6b1d83, type: 3}
      propertyPath: m_Layer
      value: 10
      objectReference: {fileID: 0}
    - target: {fileID: 213096747504478709, guid: 7c3a08d6d3cf85e448cd2eb6ad6b1d83, type: 3}
      propertyPath: m_Layer
      value: 10
      objectReference: {fileID: 0}
    - target: {fileID: 242354815788577569, guid: 7c3a08d6d3cf85e448cd2eb6ad6b1d83, type: 3}
      propertyPath: m_Layer
      value: 10
      objectReference: {fileID: 0}
    - target: {fileID: 243746828262835611, guid: 7c3a08d6d3cf85e448cd2eb6ad6b1d83, type: 3}
      propertyPath: m_Layer
      value: 10
      objectReference: {fileID: 0}
    - target: {fileID: 272509777691193852, guid: 7c3a08d6d3cf85e448cd2eb6ad6b1d83, type: 3}
      propertyPath: m_Layer
      value: 10
      objectReference: {fileID: 0}
    - target: {fileID: 296674809615607552, guid: 7c3a08d6d3cf85e448cd2eb6ad6b1d83, type: 3}
      propertyPath: m_Layer
      value: 10
      objectReference: {fileID: 0}
    - target: {fileID: 296957714720298562, guid: 7c3a08d6d3cf85e448cd2eb6ad6b1d83, type: 3}
      propertyPath: m_Layer
      value: 10
      objectReference: {fileID: 0}
    - target: {fileID: 491119948773593877, guid: 7c3a08d6d3cf85e448cd2eb6ad6b1d83, type: 3}
      propertyPath: m_Layer
      value: 10
      objectReference: {fileID: 0}
    - target: {fileID: 601554896948337526, guid: 7c3a08d6d3cf85e448cd2eb6ad6b1d83, type: 3}
      propertyPath: m_Layer
      value: 10
      objectReference: {fileID: 0}
    - target: {fileID: 664690627198059349, guid: 7c3a08d6d3cf85e448cd2eb6ad6b1d83, type: 3}
      propertyPath: m_Layer
      value: 10
      objectReference: {fileID: 0}
    - target: {fileID: 688690290389041716, guid: 7c3a08d6d3cf85e448cd2eb6ad6b1d83, type: 3}
      propertyPath: m_Layer
      value: 10
      objectReference: {fileID: 0}
    - target: {fileID: 730035825434692389, guid: 7c3a08d6d3cf85e448cd2eb6ad6b1d83, type: 3}
      propertyPath: m_Layer
      value: 10
      objectReference: {fileID: 0}
    - target: {fileID: 839044262780472460, guid: 7c3a08d6d3cf85e448cd2eb6ad6b1d83, type: 3}
      propertyPath: m_Layer
      value: 10
      objectReference: {fileID: 0}
    - target: {fileID: 885263387950935284, guid: 7c3a08d6d3cf85e448cd2eb6ad6b1d83, type: 3}
      propertyPath: m_Layer
      value: 10
      objectReference: {fileID: 0}
    - target: {fileID: 919132149155446097, guid: 7c3a08d6d3cf85e448cd2eb6ad6b1d83, type: 3}
      propertyPath: m_Name
      value: monster_naod Variant
      objectReference: {fileID: 0}
    - target: {fileID: 919132149155446097, guid: 7c3a08d6d3cf85e448cd2eb6ad6b1d83, type: 3}
      propertyPath: m_Layer
      value: 10
      objectReference: {fileID: 0}
    - target: {fileID: 919132149155446097, guid: 7c3a08d6d3cf85e448cd2eb6ad6b1d83, type: 3}
      propertyPath: m_TagString
      value: ZombieEnd
      objectReference: {fileID: 0}
    - target: {fileID: 931644579830493728, guid: 7c3a08d6d3cf85e448cd2eb6ad6b1d83, type: 3}
      propertyPath: m_Layer
      value: 10
      objectReference: {fileID: 0}
    - target: {fileID: 1148325451808323165, guid: 7c3a08d6d3cf85e448cd2eb6ad6b1d83, type: 3}
      propertyPath: m_Layer
      value: 10
      objectReference: {fileID: 0}
    - target: {fileID: 1192772796612522027, guid: 7c3a08d6d3cf85e448cd2eb6ad6b1d83, type: 3}
      propertyPath: m_Layer
      value: 10
      objectReference: {fileID: 0}
    - target: {fileID: 1207344562106035309, guid: 7c3a08d6d3cf85e448cd2eb6ad6b1d83, type: 3}
      propertyPath: m_Layer
      value: 10
      objectReference: {fileID: 0}
    - target: {fileID: 1260987166203802434, guid: 7c3a08d6d3cf85e448cd2eb6ad6b1d83, type: 3}
      propertyPath: m_Layer
      value: 10
      objectReference: {fileID: 0}
    - target: {fileID: 1291881448402361601, guid: 7c3a08d6d3cf85e448cd2eb6ad6b1d83, type: 3}
      propertyPath: m_Layer
      value: 10
      objectReference: {fileID: 0}
    - target: {fileID: 1291881448402361601, guid: 7c3a08d6d3cf85e448cd2eb6ad6b1d83, type: 3}
      propertyPath: m_TagString
      value: Untagged
      objectReference: {fileID: 0}
    - target: {fileID: 1409294841931943195, guid: 7c3a08d6d3cf85e448cd2eb6ad6b1d83, type: 3}
      propertyPath: m_Layer
      value: 10
      objectReference: {fileID: 0}
    - target: {fileID: 1427564092133216371, guid: 7c3a08d6d3cf85e448cd2eb6ad6b1d83, type: 3}
      propertyPath: m_Layer
      value: 10
      objectReference: {fileID: 0}
    - target: {fileID: 1427564092133216371, guid: 7c3a08d6d3cf85e448cd2eb6ad6b1d83, type: 3}
      propertyPath: m_TagString
      value: Untagged
      objectReference: {fileID: 0}
    - target: {fileID: 1452225398126214624, guid: 7c3a08d6d3cf85e448cd2eb6ad6b1d83, type: 3}
      propertyPath: m_Layer
      value: 10
      objectReference: {fileID: 0}
    - target: {fileID: 1508096070718562689, guid: 7c3a08d6d3cf85e448cd2eb6ad6b1d83, type: 3}
      propertyPath: m_Layer
      value: 10
      objectReference: {fileID: 0}
    - target: {fileID: 1527143582911276216, guid: 7c3a08d6d3cf85e448cd2eb6ad6b1d83, type: 3}
      propertyPath: m_Layer
      value: 10
      objectReference: {fileID: 0}
    - target: {fileID: 1548168046517225272, guid: 7c3a08d6d3cf85e448cd2eb6ad6b1d83, type: 3}
      propertyPath: m_Layer
      value: 10
      objectReference: {fileID: 0}
    - target: {fileID: 1581144913778516136, guid: 7c3a08d6d3cf85e448cd2eb6ad6b1d83, type: 3}
      propertyPath: m_Layer
      value: 10
      objectReference: {fileID: 0}
    - target: {fileID: 1680085517349719646, guid: 7c3a08d6d3cf85e448cd2eb6ad6b1d83, type: 3}
      propertyPath: m_Layer
      value: 10
      objectReference: {fileID: 0}
    - target: {fileID: 1702396874050198507, guid: 7c3a08d6d3cf85e448cd2eb6ad6b1d83, type: 3}
      propertyPath: m_Layer
      value: 10
      objectReference: {fileID: 0}
    - target: {fileID: 1746007066822521590, guid: 7c3a08d6d3cf85e448cd2eb6ad6b1d83, type: 3}
      propertyPath: m_Layer
      value: 10
      objectReference: {fileID: 0}
    - target: {fileID: 1769858800867020148, guid: 7c3a08d6d3cf85e448cd2eb6ad6b1d83, type: 3}
      propertyPath: m_Layer
      value: 10
      objectReference: {fileID: 0}
    - target: {fileID: 1789502279446983675, guid: 7c3a08d6d3cf85e448cd2eb6ad6b1d83, type: 3}
      propertyPath: m_Layer
      value: 10
      objectReference: {fileID: 0}
    - target: {fileID: 2031318500870658976, guid: 7c3a08d6d3cf85e448cd2eb6ad6b1d83, type: 3}
      propertyPath: m_Layer
      value: 10
      objectReference: {fileID: 0}
    - target: {fileID: 2135792653280668488, guid: 7c3a08d6d3cf85e448cd2eb6ad6b1d83, type: 3}
      propertyPath: m_Layer
      value: 10
      objectReference: {fileID: 0}
    - target: {fileID: 2164098809476313419, guid: 7c3a08d6d3cf85e448cd2eb6ad6b1d83, type: 3}
      propertyPath: m_Layer
      value: 10
      objectReference: {fileID: 0}
    - target: {fileID: 2177360771748943669, guid: 7c3a08d6d3cf85e448cd2eb6ad6b1d83, type: 3}
      propertyPath: m_Layer
      value: 10
      objectReference: {fileID: 0}
    - target: {fileID: 2236463454257722354, guid: 7c3a08d6d3cf85e448cd2eb6ad6b1d83, type: 3}
      propertyPath: m_Layer
      value: 10
      objectReference: {fileID: 0}
    - target: {fileID: 2319252732216183171, guid: 7c3a08d6d3cf85e448cd2eb6ad6b1d83, type: 3}
      propertyPath: m_Layer
      value: 10
      objectReference: {fileID: 0}
    - target: {fileID: 2343891860871584223, guid: 7c3a08d6d3cf85e448cd2eb6ad6b1d83, type: 3}
      propertyPath: m_Layer
      value: 10
      objectReference: {fileID: 0}
    - target: {fileID: 2408671994971207520, guid: 7c3a08d6d3cf85e448cd2eb6ad6b1d83, type: 3}
      propertyPath: m_Layer
      value: 10
      objectReference: {fileID: 0}
    - target: {fileID: 2437017852026392311, guid: 7c3a08d6d3cf85e448cd2eb6ad6b1d83, type: 3}
      propertyPath: m_Layer
      value: 10
      objectReference: {fileID: 0}
    - target: {fileID: 2524207538513509901, guid: 7c3a08d6d3cf85e448cd2eb6ad6b1d83, type: 3}
      propertyPath: m_Layer
      value: 10
      objectReference: {fileID: 0}
    - target: {fileID: 2618531482672464841, guid: 7c3a08d6d3cf85e448cd2eb6ad6b1d83, type: 3}
      propertyPath: m_Layer
      value: 10
      objectReference: {fileID: 0}
    - target: {fileID: 2660902646453255972, guid: 7c3a08d6d3cf85e448cd2eb6ad6b1d83, type: 3}
      propertyPath: m_Layer
      value: 10
      objectReference: {fileID: 0}
    - target: {fileID: 2672082798622389312, guid: 7c3a08d6d3cf85e448cd2eb6ad6b1d83, type: 3}
      propertyPath: m_Layer
      value: 10
      objectReference: {fileID: 0}
    - target: {fileID: 2801176049758149461, guid: 7c3a08d6d3cf85e448cd2eb6ad6b1d83, type: 3}
      propertyPath: m_Layer
      value: 10
      objectReference: {fileID: 0}
    - target: {fileID: 3073126573025196229, guid: 7c3a08d6d3cf85e448cd2eb6ad6b1d83, type: 3}
      propertyPath: m_Layer
      value: 10
      objectReference: {fileID: 0}
    - target: {fileID: 3123531736112161339, guid: 7c3a08d6d3cf85e448cd2eb6ad6b1d83, type: 3}
      propertyPath: m_Layer
      value: 10
      objectReference: {fileID: 0}
    - target: {fileID: 3124802741626746575, guid: 7c3a08d6d3cf85e448cd2eb6ad6b1d83, type: 3}
      propertyPath: m_Layer
      value: 10
      objectReference: {fileID: 0}
    - target: {fileID: 3133419728209852552, guid: 7c3a08d6d3cf85e448cd2eb6ad6b1d83, type: 3}
      propertyPath: m_Layer
      value: 10
      objectReference: {fileID: 0}
    - target: {fileID: 3191471581941501502, guid: 7c3a08d6d3cf85e448cd2eb6ad6b1d83, type: 3}
      propertyPath: m_Layer
      value: 10
      objectReference: {fileID: 0}
    - target: {fileID: 3315466075475124000, guid: 7c3a08d6d3cf85e448cd2eb6ad6b1d83, type: 3}
      propertyPath: m_Layer
      value: 10
      objectReference: {fileID: 0}
    - target: {fileID: 3466518874288427046, guid: 7c3a08d6d3cf85e448cd2eb6ad6b1d83, type: 3}
      propertyPath: m_Layer
      value: 10
      objectReference: {fileID: 0}
    - target: {fileID: 3478921116525007517, guid: 7c3a08d6d3cf85e448cd2eb6ad6b1d83, type: 3}
      propertyPath: m_Layer
      value: 10
      objectReference: {fileID: 0}
    - target: {fileID: 3533851288354658985, guid: 7c3a08d6d3cf85e448cd2eb6ad6b1d83, type: 3}
      propertyPath: m_Layer
      value: 10
      objectReference: {fileID: 0}
    - target: {fileID: 3546571164603315292, guid: 7c3a08d6d3cf85e448cd2eb6ad6b1d83, type: 3}
      propertyPath: m_Layer
      value: 10
      objectReference: {fileID: 0}
    - target: {fileID: 3560505909540856437, guid: 7c3a08d6d3cf85e448cd2eb6ad6b1d83, type: 3}
      propertyPath: m_Layer
      value: 10
      objectReference: {fileID: 0}
    - target: {fileID: 3658391827470242311, guid: 7c3a08d6d3cf85e448cd2eb6ad6b1d83, type: 3}
      propertyPath: m_Layer
      value: 10
      objectReference: {fileID: 0}
    - target: {fileID: 3712685594471025182, guid: 7c3a08d6d3cf85e448cd2eb6ad6b1d83, type: 3}
      propertyPath: m_Layer
      value: 10
      objectReference: {fileID: 0}
    - target: {fileID: 3723467022737323397, guid: 7c3a08d6d3cf85e448cd2eb6ad6b1d83, type: 3}
      propertyPath: m_Layer
      value: 10
      objectReference: {fileID: 0}
    - target: {fileID: 3749210462691901752, guid: 7c3a08d6d3cf85e448cd2eb6ad6b1d83, type: 3}
      propertyPath: m_Layer
      value: 10
      objectReference: {fileID: 0}
    - target: {fileID: 3749289502481122724, guid: 7c3a08d6d3cf85e448cd2eb6ad6b1d83, type: 3}
      propertyPath: m_Layer
      value: 10
      objectReference: {fileID: 0}
    - target: {fileID: 3770222332388234470, guid: 7c3a08d6d3cf85e448cd2eb6ad6b1d83, type: 3}
      propertyPath: m_Layer
      value: 10
      objectReference: {fileID: 0}
    - target: {fileID: 3772969821384778149, guid: 7c3a08d6d3cf85e448cd2eb6ad6b1d83, type: 3}
      propertyPath: m_Layer
      value: 10
      objectReference: {fileID: 0}
    - target: {fileID: 3790684699522791054, guid: 7c3a08d6d3cf85e448cd2eb6ad6b1d83, type: 3}
      propertyPath: m_Layer
      value: 10
      objectReference: {fileID: 0}
    - target: {fileID: 3861042281744911034, guid: 7c3a08d6d3cf85e448cd2eb6ad6b1d83, type: 3}
      propertyPath: m_Layer
      value: 10
      objectReference: {fileID: 0}
    - target: {fileID: 3896532815960417078, guid: 7c3a08d6d3cf85e448cd2eb6ad6b1d83, type: 3}
      propertyPath: m_Layer
      value: 10
      objectReference: {fileID: 0}
    - target: {fileID: 3945785467247756761, guid: 7c3a08d6d3cf85e448cd2eb6ad6b1d83, type: 3}
      propertyPath: m_Layer
      value: 10
      objectReference: {fileID: 0}
    - target: {fileID: 3950063251199852525, guid: 7c3a08d6d3cf85e448cd2eb6ad6b1d83, type: 3}
      propertyPath: m_Layer
      value: 10
      objectReference: {fileID: 0}
    - target: {fileID: 4020305148196825047, guid: 7c3a08d6d3cf85e448cd2eb6ad6b1d83, type: 3}
      propertyPath: m_Layer
      value: 10
      objectReference: {fileID: 0}
    - target: {fileID: 4155634903218923039, guid: 7c3a08d6d3cf85e448cd2eb6ad6b1d83, type: 3}
      propertyPath: m_Layer
      value: 10
      objectReference: {fileID: 0}
    - target: {fileID: 4267082536533636488, guid: 7c3a08d6d3cf85e448cd2eb6ad6b1d83, type: 3}
      propertyPath: m_Layer
      value: 10
      objectReference: {fileID: 0}
    - target: {fileID: 4295384944315866748, guid: 7c3a08d6d3cf85e448cd2eb6ad6b1d83, type: 3}
      propertyPath: m_Layer
      value: 10
      objectReference: {fileID: 0}
    - target: {fileID: 4339405030957826098, guid: 7c3a08d6d3cf85e448cd2eb6ad6b1d83, type: 3}
      propertyPath: m_Layer
      value: 10
      objectReference: {fileID: 0}
    - target: {fileID: 4376538416543862299, guid: 7c3a08d6d3cf85e448cd2eb6ad6b1d83, type: 3}
      propertyPath: m_Layer
      value: 10
      objectReference: {fileID: 0}
    - target: {fileID: 4385737602110837786, guid: 7c3a08d6d3cf85e448cd2eb6ad6b1d83, type: 3}
      propertyPath: m_Layer
      value: 10
      objectReference: {fileID: 0}
    - target: {fileID: 4510649350962816281, guid: 7c3a08d6d3cf85e448cd2eb6ad6b1d83, type: 3}
      propertyPath: m_Layer
      value: 10
      objectReference: {fileID: 0}
    - target: {fileID: 4536595958323669739, guid: 7c3a08d6d3cf85e448cd2eb6ad6b1d83, type: 3}
      propertyPath: m_Layer
      value: 10
      objectReference: {fileID: 0}
    - target: {fileID: 4596580682868782103, guid: 7c3a08d6d3cf85e448cd2eb6ad6b1d83, type: 3}
      propertyPath: m_Layer
      value: 10
      objectReference: {fileID: 0}
    - target: {fileID: 4600252075059543460, guid: 7c3a08d6d3cf85e448cd2eb6ad6b1d83, type: 3}
      propertyPath: m_Layer
      value: 10
      objectReference: {fileID: 0}
    - target: {fileID: 4639721650902287892, guid: 7c3a08d6d3cf85e448cd2eb6ad6b1d83, type: 3}
      propertyPath: m_Layer
      value: 10
      objectReference: {fileID: 0}
    - target: {fileID: 4811646314046638142, guid: 7c3a08d6d3cf85e448cd2eb6ad6b1d83, type: 3}
      propertyPath: m_Layer
      value: 10
      objectReference: {fileID: 0}
    - target: {fileID: 4920753400288277028, guid: 7c3a08d6d3cf85e448cd2eb6ad6b1d83, type: 3}
      propertyPath: m_Layer
      value: 10
      objectReference: {fileID: 0}
    - target: {fileID: 4951163775040455222, guid: 7c3a08d6d3cf85e448cd2eb6ad6b1d83, type: 3}
      propertyPath: m_Layer
      value: 10
      objectReference: {fileID: 0}
    - target: {fileID: 4985770866851832140, guid: 7c3a08d6d3cf85e448cd2eb6ad6b1d83, type: 3}
      propertyPath: m_Layer
      value: 10
      objectReference: {fileID: 0}
    - target: {fileID: 5103249887342918422, guid: 7c3a08d6d3cf85e448cd2eb6ad6b1d83, type: 3}
      propertyPath: m_Layer
      value: 10
      objectReference: {fileID: 0}
    - target: {fileID: 5122836577214872446, guid: 7c3a08d6d3cf85e448cd2eb6ad6b1d83, type: 3}
      propertyPath: m_Layer
      value: 10
      objectReference: {fileID: 0}
    - target: {fileID: 5145343586527585435, guid: 7c3a08d6d3cf85e448cd2eb6ad6b1d83, type: 3}
      propertyPath: m_Layer
      value: 10
      objectReference: {fileID: 0}
    - target: {fileID: 5162693511090209083, guid: 7c3a08d6d3cf85e448cd2eb6ad6b1d83, type: 3}
      propertyPath: m_Layer
      value: 10
      objectReference: {fileID: 0}
    - target: {fileID: 5197093331958907406, guid: 7c3a08d6d3cf85e448cd2eb6ad6b1d83, type: 3}
      propertyPath: m_Layer
      value: 10
      objectReference: {fileID: 0}
    - target: {fileID: 5250588387325401049, guid: 7c3a08d6d3cf85e448cd2eb6ad6b1d83, type: 3}
      propertyPath: m_Layer
      value: 10
      objectReference: {fileID: 0}
    - target: {fileID: 5261572438496244212, guid: 7c3a08d6d3cf85e448cd2eb6ad6b1d83, type: 3}
      propertyPath: m_Layer
      value: 10
      objectReference: {fileID: 0}
    - target: {fileID: 5262128632901796664, guid: 7c3a08d6d3cf85e448cd2eb6ad6b1d83, type: 3}
      propertyPath: m_Layer
      value: 10
      objectReference: {fileID: 0}
    - target: {fileID: 5273577381020852919, guid: 7c3a08d6d3cf85e448cd2eb6ad6b1d83, type: 3}
      propertyPath: m_Layer
      value: 10
      objectReference: {fileID: 0}
    - target: {fileID: 5329719599834210135, guid: 7c3a08d6d3cf85e448cd2eb6ad6b1d83, type: 3}
      propertyPath: m_Layer
      value: 10
      objectReference: {fileID: 0}
    - target: {fileID: 5365038613358424471, guid: 7c3a08d6d3cf85e448cd2eb6ad6b1d83, type: 3}
      propertyPath: m_Layer
      value: 10
      objectReference: {fileID: 0}
    - target: {fileID: 5392803182626763798, guid: 7c3a08d6d3cf85e448cd2eb6ad6b1d83, type: 3}
      propertyPath: m_Layer
      value: 10
      objectReference: {fileID: 0}
    - target: {fileID: 5457833192950413215, guid: 7c3a08d6d3cf85e448cd2eb6ad6b1d83, type: 3}
      propertyPath: m_Layer
      value: 10
      objectReference: {fileID: 0}
    - target: {fileID: 5480407028241839477, guid: 7c3a08d6d3cf85e448cd2eb6ad6b1d83, type: 3}
      propertyPath: m_Layer
      value: 10
      objectReference: {fileID: 0}
    - target: {fileID: 5493180126231434239, guid: 7c3a08d6d3cf85e448cd2eb6ad6b1d83, type: 3}
      propertyPath: m_Layer
      value: 10
      objectReference: {fileID: 0}
    - target: {fileID: 5612193921931622977, guid: 7c3a08d6d3cf85e448cd2eb6ad6b1d83, type: 3}
      propertyPath: m_Layer
      value: 10
      objectReference: {fileID: 0}
    - target: {fileID: 5681504408725724317, guid: 7c3a08d6d3cf85e448cd2eb6ad6b1d83, type: 3}
      propertyPath: m_Layer
      value: 10
      objectReference: {fileID: 0}
    - target: {fileID: 5693855341299357159, guid: 7c3a08d6d3cf85e448cd2eb6ad6b1d83, type: 3}
      propertyPath: m_Layer
      value: 10
      objectReference: {fileID: 0}
    - target: {fileID: 5823416825158501544, guid: 7c3a08d6d3cf85e448cd2eb6ad6b1d83, type: 3}
      propertyPath: m_Layer
      value: 10
      objectReference: {fileID: 0}
    - target: {fileID: 5832445413562130923, guid: 7c3a08d6d3cf85e448cd2eb6ad6b1d83, type: 3}
      propertyPath: m_Layer
      value: 10
      objectReference: {fileID: 0}
    - target: {fileID: 5860427695751574009, guid: 7c3a08d6d3cf85e448cd2eb6ad6b1d83, type: 3}
      propertyPath: m_Layer
      value: 10
      objectReference: {fileID: 0}
    - target: {fileID: 5878765878560841758, guid: 7c3a08d6d3cf85e448cd2eb6ad6b1d83, type: 3}
      propertyPath: m_Layer
      value: 10
      objectReference: {fileID: 0}
    - target: {fileID: 5911501929100554865, guid: 7c3a08d6d3cf85e448cd2eb6ad6b1d83, type: 3}
      propertyPath: m_Layer
      value: 10
      objectReference: {fileID: 0}
    - target: {fileID: 5975377560900097314, guid: 7c3a08d6d3cf85e448cd2eb6ad6b1d83, type: 3}
      propertyPath: m_Layer
      value: 10
      objectReference: {fileID: 0}
    - target: {fileID: 6037976274641451861, guid: 7c3a08d6d3cf85e448cd2eb6ad6b1d83, type: 3}
      propertyPath: m_Layer
      value: 10
      objectReference: {fileID: 0}
    - target: {fileID: 6193833671073542431, guid: 7c3a08d6d3cf85e448cd2eb6ad6b1d83, type: 3}
      propertyPath: m_Layer
      value: 10
      objectReference: {fileID: 0}
    - target: {fileID: 6197533393215123828, guid: 7c3a08d6d3cf85e448cd2eb6ad6b1d83, type: 3}
      propertyPath: m_Layer
      value: 10
      objectReference: {fileID: 0}
    - target: {fileID: 6248711721542207276, guid: 7c3a08d6d3cf85e448cd2eb6ad6b1d83, type: 3}
      propertyPath: m_Layer
      value: 10
      objectReference: {fileID: 0}
    - target: {fileID: 6300212332037404941, guid: 7c3a08d6d3cf85e448cd2eb6ad6b1d83, type: 3}
      propertyPath: m_Layer
      value: 10
      objectReference: {fileID: 0}
    - target: {fileID: 6370642490356817811, guid: 7c3a08d6d3cf85e448cd2eb6ad6b1d83, type: 3}
      propertyPath: m_Layer
      value: 10
      objectReference: {fileID: 0}
    - target: {fileID: 6389302879273912031, guid: 7c3a08d6d3cf85e448cd2eb6ad6b1d83, type: 3}
      propertyPath: m_Layer
      value: 10
      objectReference: {fileID: 0}
    - target: {fileID: 6409392857817959044, guid: 7c3a08d6d3cf85e448cd2eb6ad6b1d83, type: 3}
      propertyPath: m_Layer
      value: 10
      objectReference: {fileID: 0}
    - target: {fileID: 6418267308136362916, guid: 7c3a08d6d3cf85e448cd2eb6ad6b1d83, type: 3}
      propertyPath: m_Layer
      value: 10
      objectReference: {fileID: 0}
    - target: {fileID: 6463743922084399535, guid: 7c3a08d6d3cf85e448cd2eb6ad6b1d83, type: 3}
      propertyPath: m_Layer
      value: 10
      objectReference: {fileID: 0}
    - target: {fileID: 6467271091204295964, guid: 7c3a08d6d3cf85e448cd2eb6ad6b1d83, type: 3}
      propertyPath: m_Layer
      value: 10
      objectReference: {fileID: 0}
    - target: {fileID: 6532529649254365110, guid: 7c3a08d6d3cf85e448cd2eb6ad6b1d83, type: 3}
      propertyPath: m_LocalPosition.y
      value: -0
      objectReference: {fileID: 0}
    - target: {fileID: 6532529649254365110, guid: 7c3a08d6d3cf85e448cd2eb6ad6b1d83, type: 3}
      propertyPath: m_LocalPosition.z
      value: -0.531
      objectReference: {fileID: 0}
    - target: {fileID: 6582358964985417688, guid: 7c3a08d6d3cf85e448cd2eb6ad6b1d83, type: 3}
      propertyPath: m_Layer
      value: 10
      objectReference: {fileID: 0}
    - target: {fileID: 6591796116658339068, guid: 7c3a08d6d3cf85e448cd2eb6ad6b1d83, type: 3}
      propertyPath: m_Layer
      value: 10
      objectReference: {fileID: 0}
    - target: {fileID: 6601736482732642536, guid: 7c3a08d6d3cf85e448cd2eb6ad6b1d83, type: 3}
      propertyPath: m_Layer
      value: 10
      objectReference: {fileID: 0}
    - target: {fileID: 6649567286565277998, guid: 7c3a08d6d3cf85e448cd2eb6ad6b1d83, type: 3}
      propertyPath: m_Layer
      value: 10
      objectReference: {fileID: 0}
    - target: {fileID: 6667646145796994628, guid: 7c3a08d6d3cf85e448cd2eb6ad6b1d83, type: 3}
      propertyPath: m_Layer
      value: 10
      objectReference: {fileID: 0}
    - target: {fileID: 6706904201300784389, guid: 7c3a08d6d3cf85e448cd2eb6ad6b1d83, type: 3}
      propertyPath: m_Layer
      value: 10
      objectReference: {fileID: 0}
    - target: {fileID: 6759252018573777005, guid: 7c3a08d6d3cf85e448cd2eb6ad6b1d83, type: 3}
      propertyPath: m_Layer
      value: 10
      objectReference: {fileID: 0}
    - target: {fileID: 6810469548303718067, guid: 7c3a08d6d3cf85e448cd2eb6ad6b1d83, type: 3}
      propertyPath: m_Layer
      value: 10
      objectReference: {fileID: 0}
    - target: {fileID: 6814860879101539037, guid: 7c3a08d6d3cf85e448cd2eb6ad6b1d83, type: 3}
      propertyPath: m_Layer
      value: 10
      objectReference: {fileID: 0}
    - target: {fileID: 6826804104306901852, guid: 7c3a08d6d3cf85e448cd2eb6ad6b1d83, type: 3}
      propertyPath: m_Layer
      value: 10
      objectReference: {fileID: 0}
    - target: {fileID: 6871665973257728057, guid: 7c3a08d6d3cf85e448cd2eb6ad6b1d83, type: 3}
      propertyPath: m_Layer
      value: 10
      objectReference: {fileID: 0}
    - target: {fileID: 6944869797606351885, guid: 7c3a08d6d3cf85e448cd2eb6ad6b1d83, type: 3}
      propertyPath: m_Layer
      value: 10
      objectReference: {fileID: 0}
    - target: {fileID: 6963714012626562424, guid: 7c3a08d6d3cf85e448cd2eb6ad6b1d83, type: 3}
      propertyPath: m_Layer
      value: 10
      objectReference: {fileID: 0}
    - target: {fileID: 6994547313640075288, guid: 7c3a08d6d3cf85e448cd2eb6ad6b1d83, type: 3}
      propertyPath: m_Layer
      value: 10
      objectReference: {fileID: 0}
    - target: {fileID: 7052184632030833779, guid: 7c3a08d6d3cf85e448cd2eb6ad6b1d83, type: 3}
      propertyPath: m_Layer
      value: 10
      objectReference: {fileID: 0}
    - target: {fileID: 7102935787910605031, guid: 7c3a08d6d3cf85e448cd2eb6ad6b1d83, type: 3}
      propertyPath: m_Layer
      value: 10
      objectReference: {fileID: 0}
    - target: {fileID: 7117506951139285372, guid: 7c3a08d6d3cf85e448cd2eb6ad6b1d83, type: 3}
      propertyPath: m_Layer
      value: 10
      objectReference: {fileID: 0}
    - target: {fileID: 7153530401770965543, guid: 7c3a08d6d3cf85e448cd2eb6ad6b1d83, type: 3}
      propertyPath: m_Layer
      value: 10
      objectReference: {fileID: 0}
    - target: {fileID: 7157309607397930224, guid: 7c3a08d6d3cf85e448cd2eb6ad6b1d83, type: 3}
      propertyPath: m_Layer
      value: 10
      objectReference: {fileID: 0}
    - target: {fileID: 7157309607397930224, guid: 7c3a08d6d3cf85e448cd2eb6ad6b1d83, type: 3}
      propertyPath: m_TagString
      value: Untagged
      objectReference: {fileID: 0}
    - target: {fileID: 7275215606068077212, guid: 7c3a08d6d3cf85e448cd2eb6ad6b1d83, type: 3}
      propertyPath: m_Layer
      value: 10
      objectReference: {fileID: 0}
    - target: {fileID: 7309806188478457278, guid: 7c3a08d6d3cf85e448cd2eb6ad6b1d83, type: 3}
      propertyPath: m_Layer
      value: 10
      objectReference: {fileID: 0}
    - target: {fileID: 7388853714195505582, guid: 7c3a08d6d3cf85e448cd2eb6ad6b1d83, type: 3}
      propertyPath: m_Layer
      value: 10
      objectReference: {fileID: 0}
    - target: {fileID: 7457673946141580946, guid: 7c3a08d6d3cf85e448cd2eb6ad6b1d83, type: 3}
      propertyPath: m_Layer
      value: 10
      objectReference: {fileID: 0}
    - target: {fileID: 7541700190440458573, guid: 7c3a08d6d3cf85e448cd2eb6ad6b1d83, type: 3}
      propertyPath: m_Layer
      value: 10
      objectReference: {fileID: 0}
    - target: {fileID: 7574446372219869431, guid: 7c3a08d6d3cf85e448cd2eb6ad6b1d83, type: 3}
      propertyPath: m_Layer
      value: 10
      objectReference: {fileID: 0}
    - target: {fileID: 7607029703671021354, guid: 7c3a08d6d3cf85e448cd2eb6ad6b1d83, type: 3}
      propertyPath: m_Layer
      value: 10
      objectReference: {fileID: 0}
    - target: {fileID: 7756424493015698531, guid: 7c3a08d6d3cf85e448cd2eb6ad6b1d83, type: 3}
      propertyPath: m_Layer
      value: 10
      objectReference: {fileID: 0}
    - target: {fileID: 7756424493015698531, guid: 7c3a08d6d3cf85e448cd2eb6ad6b1d83, type: 3}
      propertyPath: m_TagString
      value: Untagged
      objectReference: {fileID: 0}
    - target: {fileID: 7769759932761744392, guid: 7c3a08d6d3cf85e448cd2eb6ad6b1d83, type: 3}
      propertyPath: m_Layer
      value: 10
      objectReference: {fileID: 0}
    - target: {fileID: 7820327395589117376, guid: 7c3a08d6d3cf85e448cd2eb6ad6b1d83, type: 3}
      propertyPath: m_Layer
      value: 10
      objectReference: {fileID: 0}
    - target: {fileID: 7912041609599146629, guid: 7c3a08d6d3cf85e448cd2eb6ad6b1d83, type: 3}
      propertyPath: m_Layer
      value: 10
      objectReference: {fileID: 0}
    - target: {fileID: 7927163658443653422, guid: 7c3a08d6d3cf85e448cd2eb6ad6b1d83, type: 3}
      propertyPath: m_Layer
      value: 10
      objectReference: {fileID: 0}
    - target: {fileID: 7947837743827923778, guid: 7c3a08d6d3cf85e448cd2eb6ad6b1d83, type: 3}
      propertyPath: m_Layer
      value: 10
      objectReference: {fileID: 0}
    - target: {fileID: 7950531557884632442, guid: 7c3a08d6d3cf85e448cd2eb6ad6b1d83, type: 3}
      propertyPath: m_Layer
      value: 10
      objectReference: {fileID: 0}
    - target: {fileID: 8006564097782229042, guid: 7c3a08d6d3cf85e448cd2eb6ad6b1d83, type: 3}
      propertyPath: m_Layer
      value: 10
      objectReference: {fileID: 0}
    - target: {fileID: 8112568380569566185, guid: 7c3a08d6d3cf85e448cd2eb6ad6b1d83, type: 3}
      propertyPath: m_Layer
      value: 10
      objectReference: {fileID: 0}
    - target: {fileID: 8118475673493518760, guid: 7c3a08d6d3cf85e448cd2eb6ad6b1d83, type: 3}
      propertyPath: m_Layer
      value: 10
      objectReference: {fileID: 0}
    - target: {fileID: 8243399732176616342, guid: 7c3a08d6d3cf85e448cd2eb6ad6b1d83, type: 3}
      propertyPath: m_Layer
      value: 10
      objectReference: {fileID: 0}
    - target: {fileID: 8356340398086415863, guid: 7c3a08d6d3cf85e448cd2eb6ad6b1d83, type: 3}
      propertyPath: m_Layer
      value: 10
      objectReference: {fileID: 0}
    - target: {fileID: 8413640662840422734, guid: 7c3a08d6d3cf85e448cd2eb6ad6b1d83, type: 3}
      propertyPath: m_Layer
      value: 10
      objectReference: {fileID: 0}
    - target: {fileID: 8495450966939199619, guid: 7c3a08d6d3cf85e448cd2eb6ad6b1d83, type: 3}
      propertyPath: m_Layer
      value: 10
      objectReference: {fileID: 0}
    - target: {fileID: 8557620314004151581, guid: 7c3a08d6d3cf85e448cd2eb6ad6b1d83, type: 3}
      propertyPath: m_Layer
      value: 10
      objectReference: {fileID: 0}
    - target: {fileID: 8568891399593231735, guid: 7c3a08d6d3cf85e448cd2eb6ad6b1d83, type: 3}
      propertyPath: m_Layer
      value: 10
      objectReference: {fileID: 0}
    - target: {fileID: 8645656243850413937, guid: 7c3a08d6d3cf85e448cd2eb6ad6b1d83, type: 3}
      propertyPath: m_Layer
      value: 10
      objectReference: {fileID: 0}
    - target: {fileID: 8747417560786465676, guid: 7c3a08d6d3cf85e448cd2eb6ad6b1d83, type: 3}
      propertyPath: m_Layer
      value: 10
      objectReference: {fileID: 0}
    - target: {fileID: 8823905377689628068, guid: 7c3a08d6d3cf85e448cd2eb6ad6b1d83, type: 3}
      propertyPath: m_Layer
      value: 10
      objectReference: {fileID: 0}
    - target: {fileID: 8836311976819269029, guid: 7c3a08d6d3cf85e448cd2eb6ad6b1d83, type: 3}
      propertyPath: m_Layer
      value: 10
      objectReference: {fileID: 0}
    - target: {fileID: 8842080334152748341, guid: 7c3a08d6d3cf85e448cd2eb6ad6b1d83, type: 3}
      propertyPath: m_Layer
      value: 10
      objectReference: {fileID: 0}
    - target: {fileID: 8842852551740767718, guid: 7c3a08d6d3cf85e448cd2eb6ad6b1d83, type: 3}
      propertyPath: m_Layer
      value: 10
      objectReference: {fileID: 0}
    - target: {fileID: 8862590620245992967, guid: 7c3a08d6d3cf85e448cd2eb6ad6b1d83, type: 3}
      propertyPath: m_Layer
      value: 10
      objectReference: {fileID: 0}
    - target: {fileID: 8874355025384403811, guid: 7c3a08d6d3cf85e448cd2eb6ad6b1d83, type: 3}
      propertyPath: m_Layer
      value: 10
      objectReference: {fileID: 0}
    - target: {fileID: 8882714268230801053, guid: 7c3a08d6d3cf85e448cd2eb6ad6b1d83, type: 3}
      propertyPath: m_Layer
      value: 10
      objectReference: {fileID: 0}
    - target: {fileID: 8899839734506917666, guid: 7c3a08d6d3cf85e448cd2eb6ad6b1d83, type: 3}
      propertyPath: m_Layer
      value: 10
      objectReference: {fileID: 0}
    - target: {fileID: 8902174908099477726, guid: 7c3a08d6d3cf85e448cd2eb6ad6b1d83, type: 3}
      propertyPath: m_Layer
      value: 10
      objectReference: {fileID: 0}
    - target: {fileID: 8904665625763919303, guid: 7c3a08d6d3cf85e448cd2eb6ad6b1d83, type: 3}
      propertyPath: m_Layer
      value: 10
      objectReference: {fileID: 0}
    - target: {fileID: 8929364975825992141, guid: 7c3a08d6d3cf85e448cd2eb6ad6b1d83, type: 3}
      propertyPath: m_Layer
      value: 10
      objectReference: {fileID: 0}
    - target: {fileID: 9097778668074859282, guid: 7c3a08d6d3cf85e448cd2eb6ad6b1d83, type: 3}
      propertyPath: m_Layer
      value: 10
      objectReference: {fileID: 0}
    - target: {fileID: 9103111257462485038, guid: 7c3a08d6d3cf85e448cd2eb6ad6b1d83, type: 3}
      propertyPath: m_Layer
      value: 10
      objectReference: {fileID: 0}
    - target: {fileID: 9125722616223030578, guid: 7c3a08d6d3cf85e448cd2eb6ad6b1d83, type: 3}
      propertyPath: m_Layer
      value: 10
      objectReference: {fileID: 0}
    m_RemovedComponents: []
    m_RemovedGameObjects: []
    m_AddedGameObjects: []
    m_AddedComponents:
    - targetCorrespondingSourceObject: {fileID: 919132149155446097, guid: 7c3a08d6d3cf85e448cd2eb6ad6b1d83, type: 3}
      insertIndex: -1
      addedObject: {fileID: 4089489339763806909}
    - targetCorrespondingSourceObject: {fileID: 919132149155446097, guid: 7c3a08d6d3cf85e448cd2eb6ad6b1d83, type: 3}
      insertIndex: -1
      addedObject: {fileID: 1532686235854553671}
    - targetCorrespondingSourceObject: {fileID: 919132149155446097, guid: 7c3a08d6d3cf85e448cd2eb6ad6b1d83, type: 3}
      insertIndex: -1
      addedObject: {fileID: 8481653458693505499}
    - targetCorrespondingSourceObject: {fileID: 919132149155446097, guid: 7c3a08d6d3cf85e448cd2eb6ad6b1d83, type: 3}
      insertIndex: -1
      addedObject: {fileID: 3841099777577117369}
    - targetCorrespondingSourceObject: {fileID: -7600603756464652712, guid: 7c3a08d6d3cf85e448cd2eb6ad6b1d83, type: 3}
      insertIndex: -1
      addedObject: {fileID: 1921934851015112114}
    - targetCorrespondingSourceObject: {fileID: -7600603756464652712, guid: 7c3a08d6d3cf85e448cd2eb6ad6b1d83, type: 3}
      insertIndex: -1
      addedObject: {fileID: 7256061423160349945}
    - targetCorrespondingSourceObject: {fileID: -7600603756464652712, guid: 7c3a08d6d3cf85e448cd2eb6ad6b1d83, type: 3}
      insertIndex: -1
      addedObject: {fileID: 2763629035642013553}
    - targetCorrespondingSourceObject: {fileID: -7600603756464652712, guid: 7c3a08d6d3cf85e448cd2eb6ad6b1d83, type: 3}
      insertIndex: -1
      addedObject: {fileID: 6925621949423664046}
  m_SourcePrefab: {fileID: 100100000, guid: 7c3a08d6d3cf85e448cd2eb6ad6b1d83, type: 3}
--- !u!1 &421331238720523367 stripped
GameObject:
  m_CorrespondingSourceObject: {fileID: 919132149155446097, guid: 7c3a08d6d3cf85e448cd2eb6ad6b1d83, type: 3}
  m_PrefabInstance: {fileID: 655756802444194102}
  m_PrefabAsset: {fileID: 0}
--- !u!95 &4089489339763806909
Animator:
  serializedVersion: 5
  m_ObjectHideFlags: 0
  m_CorrespondingSourceObject: {fileID: 0}
  m_PrefabInstance: {fileID: 0}
  m_PrefabAsset: {fileID: 0}
  m_GameObject: {fileID: 421331238720523367}
  m_Enabled: 1
  m_Avatar: {fileID: 0}
  m_Controller: {fileID: 9100000, guid: bc7e96f7e042dbf44be128684e67ab35, type: 2}
  m_CullingMode: 0
  m_UpdateMode: 0
  m_ApplyRootMotion: 0
  m_LinearVelocityBlending: 0
  m_StabilizeFeet: 0
  m_WarningMessage: 
  m_HasTransformHierarchy: 1
  m_AllowConstantClipSamplingOptimization: 1
  m_KeepAnimatorStateOnDisable: 0
  m_WriteDefaultValuesOnDisable: 0
--- !u!114 &1532686235854553671
MonoBehaviour:
  m_ObjectHideFlags: 0
  m_CorrespondingSourceObject: {fileID: 0}
  m_PrefabInstance: {fileID: 0}
  m_PrefabAsset: {fileID: 0}
  m_GameObject: {fileID: 421331238720523367}
  m_Enabled: 1
  m_EditorHideFlags: 0
  m_Script: {fileID: 11500000, guid: a2d92f57f9a21674d9698d2ae8411074, type: 3}
  m_Name: 
  m_EditorClassIdentifier: 
  damage: 40
  health: 350
  attackDelay: 1.8
  isDead: 0
  moneyWorth: 50
--- !u!195 &8481653458693505499
NavMeshAgent:
  m_ObjectHideFlags: 0
  m_CorrespondingSourceObject: {fileID: 0}
  m_PrefabInstance: {fileID: 0}
  m_PrefabAsset: {fileID: 0}
  m_GameObject: {fileID: 421331238720523367}
  m_Enabled: 1
  m_AgentTypeID: 1479372276
  m_Radius: 0.55
  m_Speed: 5
  m_Acceleration: 8
  avoidancePriority: 50
  m_AngularSpeed: 120
  m_StoppingDistance: 2.5
  m_AutoTraverseOffMeshLink: 1
  m_AutoBraking: 1
  m_AutoRepath: 1
  m_Height: 1.52
  m_BaseOffset: 0
  m_WalkableMask: 4294967295
  m_ObstacleAvoidanceType: 4
--- !u!65 &3841099777577117369
BoxCollider:
  m_ObjectHideFlags: 0
  m_CorrespondingSourceObject: {fileID: 0}
  m_PrefabInstance: {fileID: 0}
  m_PrefabAsset: {fileID: 0}
  m_GameObject: {fileID: 421331238720523367}
  m_Material: {fileID: 0}
  m_IncludeLayers:
    serializedVersion: 2
    m_Bits: 0
  m_ExcludeLayers:
    serializedVersion: 2
    m_Bits: 0
  m_LayerOverridePriority: 0
  m_IsTrigger: 1
  m_ProvidesContacts: 0
  m_Enabled: 1
  serializedVersion: 3
  m_Size: {x: 0.46988326, y: 1.3374178, z: 1.5889899}
  m_Center: {x: 0.01135608, y: 1.5489794, z: -0.22091238}
--- !u!1 &2277849930076245870 stripped
GameObject:
  m_CorrespondingSourceObject: {fileID: -7600603756464652712, guid: 7c3a08d6d3cf85e448cd2eb6ad6b1d83, type: 3}
  m_PrefabInstance: {fileID: 655756802444194102}
  m_PrefabAsset: {fileID: 0}
--- !u!64 &1921934851015112114
MeshCollider:
  m_ObjectHideFlags: 0
  m_CorrespondingSourceObject: {fileID: 0}
  m_PrefabInstance: {fileID: 0}
  m_PrefabAsset: {fileID: 0}
  m_GameObject: {fileID: 2277849930076245870}
  m_Material: {fileID: 0}
  m_IncludeLayers:
    serializedVersion: 2
    m_Bits: 0
  m_ExcludeLayers:
    serializedVersion: 2
    m_Bits: 0
  m_LayerOverridePriority: 0
  m_IsTrigger: 0
  m_ProvidesContacts: 0
  m_Enabled: 0
  serializedVersion: 5
  m_Convex: 0
  m_CookingOptions: 30
  m_Mesh: {fileID: 1930030258570561371, guid: 7c3a08d6d3cf85e448cd2eb6ad6b1d83, type: 3}
--- !u!136 &7256061423160349945
CapsuleCollider:
  m_ObjectHideFlags: 0
  m_CorrespondingSourceObject: {fileID: 0}
  m_PrefabInstance: {fileID: 0}
  m_PrefabAsset: {fileID: 0}
  m_GameObject: {fileID: 2277849930076245870}
  m_Material: {fileID: 0}
  m_IncludeLayers:
    serializedVersion: 2
    m_Bits: 0
  m_ExcludeLayers:
    serializedVersion: 2
    m_Bits: 0
  m_LayerOverridePriority: 0
  m_IsTrigger: 0
  m_ProvidesContacts: 0
  m_Enabled: 1
  serializedVersion: 2
  m_Radius: 0.0036486704
  m_Height: 0.0093670245
  m_Direction: 1
  m_Center: {x: -0.00022759865, y: -0.0017903501, z: 0.005478599}
--- !u!136 &2763629035642013553
CapsuleCollider:
  m_ObjectHideFlags: 0
  m_CorrespondingSourceObject: {fileID: 0}
  m_PrefabInstance: {fileID: 0}
  m_PrefabAsset: {fileID: 0}
  m_GameObject: {fileID: 2277849930076245870}
  m_Material: {fileID: 0}
  m_IncludeLayers:
    serializedVersion: 2
    m_Bits: 0
  m_ExcludeLayers:
    serializedVersion: 2
    m_Bits: 0
  m_LayerOverridePriority: 0
  m_IsTrigger: 0
  m_ProvidesContacts: 0
  m_Enabled: 1
  serializedVersion: 2
  m_Radius: 0.0033239026
  m_Height: 0.0066478066
  m_Direction: 1
  m_Center: {x: -0.00037869732, y: -0.0057432656, z: 0.010923458}
--- !u!136 &6925621949423664046
CapsuleCollider:
  m_ObjectHideFlags: 0
  m_CorrespondingSourceObject: {fileID: 0}
  m_PrefabInstance: {fileID: 0}
  m_PrefabAsset: {fileID: 0}
  m_GameObject: {fileID: 2277849930076245870}
  m_Material: {fileID: 0}
  m_IncludeLayers:
    serializedVersion: 2
    m_Bits: 0
  m_ExcludeLayers:
    serializedVersion: 2
    m_Bits: 0
  m_LayerOverridePriority: 0
  m_IsTrigger: 0
  m_ProvidesContacts: 0
  m_Enabled: 1
  serializedVersion: 2
  m_Radius: 0.0023364753
  m_Height: 0.0074345763
  m_Direction: 1
  m_Center: {x: -0.00037869727, y: -0.008720282, z: 0.013343714}
