%YAML 1.1
%TAG !u! tag:unity3d.com,2011:
--- !u!1 &1281513765630325413
GameObject:
  m_ObjectHideFlags: 0
  m_CorrespondingSourceObject: {fileID: 0}
  m_PrefabInstance: {fileID: 0}
  m_PrefabAsset: {fileID: 0}
  serializedVersion: 6
  m_Component:
  - component: {fileID: 2227409271691049672}
  - component: {fileID: 8582028188101032558}
  - component: {fileID: 5239957902534975726}
  - component: {fileID: 3951090723943364560}
  m_Layer: 5
  m_Name: Canvas
  m_TagString: Untagged
  m_Icon: {fileID: 0}
  m_NavMeshLayer: 0
  m_StaticEditorFlags: 0
  m_IsActive: 1
--- !u!224 &2227409271691049672
RectTransform:
  m_ObjectHideFlags: 0
  m_CorrespondingSourceObject: {fileID: 0}
  m_PrefabInstance: {fileID: 0}
  m_PrefabAsset: {fileID: 0}
  m_GameObject: {fileID: 1281513765630325413}
  m_LocalRotation: {x: 0.3310266, y: 0.42614457, z: -0.18408984, w: 0.82154316}
  m_LocalPosition: {x: 0, y: 0, z: -2.199}
  m_LocalScale: {x: 0.00094710855, y: 0.0015418928, z: 0.00094710855}
  m_ConstrainProportionsScale: 0
  m_Children:
  - {fileID: 2987768112952845046}
  m_Father: {fileID: 4841018123803310430}
  m_RootOrder: -1
  m_LocalEulerAnglesHint: {x: 44.491, y: 54.164, z: -1.634}
  m_AnchorMin: {x: 0, y: 0}
  m_AnchorMax: {x: 0, y: 0}
  m_AnchoredPosition: {x: -1.791, y: -1.306}
  m_SizeDelta: {x: 495, y: 278}
  m_Pivot: {x: 0.5, y: 0.5}
--- !u!223 &8582028188101032558
Canvas:
  m_ObjectHideFlags: 0
  m_CorrespondingSourceObject: {fileID: 0}
  m_PrefabInstance: {fileID: 0}
  m_PrefabAsset: {fileID: 0}
  m_GameObject: {fileID: 1281513765630325413}
  m_Enabled: 1
  serializedVersion: 3
  m_RenderMode: 2
  m_Camera: {fileID: 0}
  m_PlaneDistance: 100
  m_PixelPerfect: 0
  m_ReceivesEvents: 1
  m_OverrideSorting: 0
  m_OverridePixelPerfect: 0
  m_SortingBucketNormalizedSize: 0
  m_AdditionalShaderChannelsFlag: 25
  m_UpdateRectTransformForStandalone: 0
  m_SortingLayerID: 0
  m_SortingOrder: 0
  m_TargetDisplay: 0
--- !u!114 &5239957902534975726
MonoBehaviour:
  m_ObjectHideFlags: 0
  m_CorrespondingSourceObject: {fileID: 0}
  m_PrefabInstance: {fileID: 0}
  m_PrefabAsset: {fileID: 0}
  m_GameObject: {fileID: 1281513765630325413}
  m_Enabled: 1
  m_EditorHideFlags: 0
  m_Script: {fileID: 11500000, guid: 0cd44c1031e13a943bb63640046fad76, type: 3}
  m_Name: 
  m_EditorClassIdentifier: 
  m_UiScaleMode: 0
  m_ReferencePixelsPerUnit: 100
  m_ScaleFactor: 1
  m_ReferenceResolution: {x: 800, y: 600}
  m_ScreenMatchMode: 0
  m_MatchWidthOrHeight: 0
  m_PhysicalUnit: 3
  m_FallbackScreenDPI: 96
  m_DefaultSpriteDPI: 96
  m_DynamicPixelsPerUnit: 1
  m_PresetInfoIsWorld: 1
--- !u!114 &3951090723943364560
MonoBehaviour:
  m_ObjectHideFlags: 0
  m_CorrespondingSourceObject: {fileID: 0}
  m_PrefabInstance: {fileID: 0}
  m_PrefabAsset: {fileID: 0}
  m_GameObject: {fileID: 1281513765630325413}
  m_Enabled: 1
  m_EditorHideFlags: 0
  m_Script: {fileID: 11500000, guid: dc42784cf147c0c48a680349fa168899, type: 3}
  m_Name: 
  m_EditorClassIdentifier: 
  m_IgnoreReversedGraphics: 1
  m_BlockingObjects: 0
  m_BlockingMask:
    serializedVersion: 2
    m_Bits: 4294967295
--- !u!1 &3893264461992086075
GameObject:
  m_ObjectHideFlags: 0
  m_CorrespondingSourceObject: {fileID: 0}
  m_PrefabInstance: {fileID: 0}
  m_PrefabAsset: {fileID: 0}
  serializedVersion: 6
  m_Component:
  - component: {fileID: 4925315356794583803}
  - component: {fileID: 6115978328220124367}
  m_Layer: 12
  m_Name: end
  m_TagString: Untagged
  m_Icon: {fileID: 0}
  m_NavMeshLayer: 0
  m_StaticEditorFlags: 0
  m_IsActive: 1
--- !u!4 &4925315356794583803
Transform:
  m_ObjectHideFlags: 0
  m_CorrespondingSourceObject: {fileID: 0}
  m_PrefabInstance: {fileID: 0}
  m_PrefabAsset: {fileID: 0}
  m_GameObject: {fileID: 3893264461992086075}
  m_LocalRotation: {x: 0, y: 0, z: 0, w: 1}
  m_LocalPosition: {x: 0, y: 0, z: 0}
  m_LocalScale: {x: 1, y: 1, z: 1}
  m_ConstrainProportionsScale: 0
  m_Children: []
  m_Father: {fileID: 6790912319966712937}
  m_RootOrder: -1
  m_LocalEulerAnglesHint: {x: 0, y: 0, z: 0}
--- !u!82 &6115978328220124367
AudioSource:
  m_ObjectHideFlags: 0
  m_CorrespondingSourceObject: {fileID: 0}
  m_PrefabInstance: {fileID: 0}
  m_PrefabAsset: {fileID: 0}
  m_GameObject: {fileID: 3893264461992086075}
  m_Enabled: 1
  serializedVersion: 4
  OutputAudioMixerGroup: {fileID: 0}
  m_audioClip: {fileID: 8300000, guid: 1c8872c28170a024282c543129937ea2, type: 3}
  m_PlayOnAwake: 0
  m_Volume: 1
  m_Pitch: 1
  Loop: 0
  Mute: 0
  Spatialize: 0
  SpatializePostEffects: 0
  Priority: 128
  DopplerLevel: 1
  MinDistance: 1
  MaxDistance: 500
  Pan2D: 0
  rolloffMode: 0
  BypassEffects: 0
  BypassListenerEffects: 0
  BypassReverbZones: 0
  rolloffCustomCurve:
    serializedVersion: 2
    m_Curve:
    - serializedVersion: 3
      time: 0
      value: 1
      inSlope: 0
      outSlope: 0
      tangentMode: 0
      weightedMode: 0
      inWeight: 0.33333334
      outWeight: 0.33333334
    - serializedVersion: 3
      time: 1
      value: 0
      inSlope: 0
      outSlope: 0
      tangentMode: 0
      weightedMode: 0
      inWeight: 0.33333334
      outWeight: 0.33333334
    m_PreInfinity: 2
    m_PostInfinity: 2
    m_RotationOrder: 4
  panLevelCustomCurve:
    serializedVersion: 2
    m_Curve:
    - serializedVersion: 3
      time: 0
      value: 1
      inSlope: 0
      outSlope: 0
      tangentMode: 0
      weightedMode: 0
      inWeight: 0.33333334
      outWeight: 0.33333334
    m_PreInfinity: 2
    m_PostInfinity: 2
    m_RotationOrder: 4
  spreadCustomCurve:
    serializedVersion: 2
    m_Curve:
    - serializedVersion: 3
      time: 0
      value: 0
      inSlope: 0
      outSlope: 0
      tangentMode: 0
      weightedMode: 0
      inWeight: 0.33333334
      outWeight: 0.33333334
    m_PreInfinity: 2
    m_PostInfinity: 2
    m_RotationOrder: 4
  reverbZoneMixCustomCurve:
    serializedVersion: 2
    m_Curve:
    - serializedVersion: 3
      time: 0
      value: 1
      inSlope: 0
      outSlope: 0
      tangentMode: 0
      weightedMode: 0
      inWeight: 0.33333334
      outWeight: 0.33333334
    m_PreInfinity: 2
    m_PostInfinity: 2
    m_RotationOrder: 4
--- !u!1 &4529093024296343444
GameObject:
  m_ObjectHideFlags: 0
  m_CorrespondingSourceObject: {fileID: 0}
  m_PrefabInstance: {fileID: 0}
  m_PrefabAsset: {fileID: 0}
  serializedVersion: 6
  m_Component:
  - component: {fileID: 4841018123803310430}
  - component: {fileID: 7818993143731973454}
  m_Layer: 0
  m_Name: Drone
  m_TagString: Untagged
  m_Icon: {fileID: 0}
  m_NavMeshLayer: 0
  m_StaticEditorFlags: 0
  m_IsActive: 1
--- !u!4 &4841018123803310430
Transform:
  m_ObjectHideFlags: 0
  m_CorrespondingSourceObject: {fileID: 0}
  m_PrefabInstance: {fileID: 0}
  m_PrefabAsset: {fileID: 0}
  m_GameObject: {fileID: 4529093024296343444}
  m_LocalRotation: {x: 0, y: -0.7071068, z: 0, w: 0.7071068}
  m_LocalPosition: {x: 16.17, y: 9.857, z: 3.24}
  m_LocalScale: {x: 0.34593, y: 0.34593, z: 0.34593}
  m_ConstrainProportionsScale: 0
  m_Children:
  - {fileID: 2570398522882138085}
  - {fileID: 4391980659328467655}
  - {fileID: 2227409271691049672}
  m_Father: {fileID: 0}
  m_RootOrder: 0
  m_LocalEulerAnglesHint: {x: 0, y: -90, z: 0}
--- !u!208 &7818993143731973454
NavMeshObstacle:
  m_ObjectHideFlags: 0
  m_CorrespondingSourceObject: {fileID: 0}
  m_PrefabInstance: {fileID: 0}
  m_PrefabAsset: {fileID: 0}
  m_GameObject: {fileID: 4529093024296343444}
  m_Enabled: 1
  serializedVersion: 3
  m_Shape: 0
  m_Extents: {x: 1.67, y: 1, z: 1.67}
  m_MoveThreshold: 0.1
  m_Carve: 1
  m_CarveOnlyStationary: 1
  m_Center: {x: 0, y: 0, z: 0}
  m_TimeToStationary: 0.5
--- !u!1 &6448357029640191465
GameObject:
  m_ObjectHideFlags: 0
  m_CorrespondingSourceObject: {fileID: 0}
  m_PrefabInstance: {fileID: 0}
  m_PrefabAsset: {fileID: 0}
  serializedVersion: 6
  m_Component:
  - component: {fileID: 4170237939541675928}
  - component: {fileID: 3682673109190002803}
  m_Layer: 12
  m_Name: start
  m_TagString: Untagged
  m_Icon: {fileID: 0}
  m_NavMeshLayer: 0
  m_StaticEditorFlags: 0
  m_IsActive: 1
--- !u!4 &4170237939541675928
Transform:
  m_ObjectHideFlags: 0
  m_CorrespondingSourceObject: {fileID: 0}
  m_PrefabInstance: {fileID: 0}
  m_PrefabAsset: {fileID: 0}
  m_GameObject: {fileID: 6448357029640191465}
  m_LocalRotation: {x: 0, y: 0, z: 0, w: 1}
  m_LocalPosition: {x: 0, y: 0, z: 0}
  m_LocalScale: {x: 1, y: 1, z: 1}
  m_ConstrainProportionsScale: 0
  m_Children: []
  m_Father: {fileID: 6790912319966712937}
  m_RootOrder: -1
  m_LocalEulerAnglesHint: {x: 0, y: 0, z: 0}
--- !u!82 &3682673109190002803
AudioSource:
  m_ObjectHideFlags: 0
  m_CorrespondingSourceObject: {fileID: 0}
  m_PrefabInstance: {fileID: 0}
  m_PrefabAsset: {fileID: 0}
  m_GameObject: {fileID: 6448357029640191465}
  m_Enabled: 1
  serializedVersion: 4
  OutputAudioMixerGroup: {fileID: 0}
  m_audioClip: {fileID: 8300000, guid: 71a7d82f53f7f5e46bbf514bae5e1d42, type: 3}
  m_PlayOnAwake: 0
  m_Volume: 1
  m_Pitch: 1
  Loop: 0
  Mute: 0
  Spatialize: 0
  SpatializePostEffects: 0
  Priority: 128
  DopplerLevel: 1
  MinDistance: 1
  MaxDistance: 500
  Pan2D: 0
  rolloffMode: 0
  BypassEffects: 0
  BypassListenerEffects: 0
  BypassReverbZones: 0
  rolloffCustomCurve:
    serializedVersion: 2
    m_Curve:
    - serializedVersion: 3
      time: 0
      value: 1
      inSlope: 0
      outSlope: 0
      tangentMode: 0
      weightedMode: 0
      inWeight: 0.33333334
      outWeight: 0.33333334
    - serializedVersion: 3
      time: 1
      value: 0
      inSlope: 0
      outSlope: 0
      tangentMode: 0
      weightedMode: 0
      inWeight: 0.33333334
      outWeight: 0.33333334
    m_PreInfinity: 2
    m_PostInfinity: 2
    m_RotationOrder: 4
  panLevelCustomCurve:
    serializedVersion: 2
    m_Curve:
    - serializedVersion: 3
      time: 0
      value: 1
      inSlope: 0
      outSlope: 0
      tangentMode: 0
      weightedMode: 0
      inWeight: 0.33333334
      outWeight: 0.33333334
    m_PreInfinity: 2
    m_PostInfinity: 2
    m_RotationOrder: 4
  spreadCustomCurve:
    serializedVersion: 2
    m_Curve:
    - serializedVersion: 3
      time: 0
      value: 0
      inSlope: 0
      outSlope: 0
      tangentMode: 0
      weightedMode: 0
      inWeight: 0.33333334
      outWeight: 0.33333334
    m_PreInfinity: 2
    m_PostInfinity: 2
    m_RotationOrder: 4
  reverbZoneMixCustomCurve:
    serializedVersion: 2
    m_Curve:
    - serializedVersion: 3
      time: 0
      value: 1
      inSlope: 0
      outSlope: 0
      tangentMode: 0
      weightedMode: 0
      inWeight: 0.33333334
      outWeight: 0.33333334
    m_PreInfinity: 2
    m_PostInfinity: 2
    m_RotationOrder: 4
--- !u!1 &6548798940151680002
GameObject:
  m_ObjectHideFlags: 0
  m_CorrespondingSourceObject: {fileID: 0}
  m_PrefabInstance: {fileID: 0}
  m_PrefabAsset: {fileID: 0}
  serializedVersion: 6
  m_Component:
  - component: {fileID: 4499706329703825430}
  - component: {fileID: 1106184422259397487}
  m_Layer: 12
  m_Name: running
  m_TagString: Untagged
  m_Icon: {fileID: 0}
  m_NavMeshLayer: 0
  m_StaticEditorFlags: 0
  m_IsActive: 1
--- !u!4 &4499706329703825430
Transform:
  m_ObjectHideFlags: 0
  m_CorrespondingSourceObject: {fileID: 0}
  m_PrefabInstance: {fileID: 0}
  m_PrefabAsset: {fileID: 0}
  m_GameObject: {fileID: 6548798940151680002}
  m_LocalRotation: {x: 0, y: 0, z: 0, w: 1}
  m_LocalPosition: {x: 0, y: 0, z: 0}
  m_LocalScale: {x: 1, y: 1, z: 1}
  m_ConstrainProportionsScale: 0
  m_Children: []
  m_Father: {fileID: 6790912319966712937}
  m_RootOrder: -1
  m_LocalEulerAnglesHint: {x: 0, y: 0, z: 0}
--- !u!82 &1106184422259397487
AudioSource:
  m_ObjectHideFlags: 0
  m_CorrespondingSourceObject: {fileID: 0}
  m_PrefabInstance: {fileID: 0}
  m_PrefabAsset: {fileID: 0}
  m_GameObject: {fileID: 6548798940151680002}
  m_Enabled: 1
  serializedVersion: 4
  OutputAudioMixerGroup: {fileID: 0}
  m_audioClip: {fileID: 8300000, guid: e0b875df5b5a99c41b954f461e83d1fc, type: 3}
  m_PlayOnAwake: 0
  m_Volume: 1
  m_Pitch: 1
  Loop: 1
  Mute: 0
  Spatialize: 0
  SpatializePostEffects: 0
  Priority: 128
  DopplerLevel: 1
  MinDistance: 1
  MaxDistance: 500
  Pan2D: 0
  rolloffMode: 0
  BypassEffects: 0
  BypassListenerEffects: 0
  BypassReverbZones: 0
  rolloffCustomCurve:
    serializedVersion: 2
    m_Curve:
    - serializedVersion: 3
      time: 0
      value: 1
      inSlope: 0
      outSlope: 0
      tangentMode: 0
      weightedMode: 0
      inWeight: 0.33333334
      outWeight: 0.33333334
    - serializedVersion: 3
      time: 1
      value: 0
      inSlope: 0
      outSlope: 0
      tangentMode: 0
      weightedMode: 0
      inWeight: 0.33333334
      outWeight: 0.33333334
    m_PreInfinity: 2
    m_PostInfinity: 2
    m_RotationOrder: 4
  panLevelCustomCurve:
    serializedVersion: 2
    m_Curve:
    - serializedVersion: 3
      time: 0
      value: 1
      inSlope: 0
      outSlope: 0
      tangentMode: 0
      weightedMode: 0
      inWeight: 0.33333334
      outWeight: 0.33333334
    m_PreInfinity: 2
    m_PostInfinity: 2
    m_RotationOrder: 4
  spreadCustomCurve:
    serializedVersion: 2
    m_Curve:
    - serializedVersion: 3
      time: 0
      value: 0
      inSlope: 0
      outSlope: 0
      tangentMode: 0
      weightedMode: 0
      inWeight: 0.33333334
      outWeight: 0.33333334
    m_PreInfinity: 2
    m_PostInfinity: 2
    m_RotationOrder: 4
  reverbZoneMixCustomCurve:
    serializedVersion: 2
    m_Curve:
    - serializedVersion: 3
      time: 0
      value: 1
      inSlope: 0
      outSlope: 0
      tangentMode: 0
      weightedMode: 0
      inWeight: 0.33333334
      outWeight: 0.33333334
    m_PreInfinity: 2
    m_PostInfinity: 2
    m_RotationOrder: 4
--- !u!1 &7116683306964083137
GameObject:
  m_ObjectHideFlags: 0
  m_CorrespondingSourceObject: {fileID: 0}
  m_PrefabInstance: {fileID: 0}
  m_PrefabAsset: {fileID: 0}
  serializedVersion: 6
  m_Component:
  - component: {fileID: 2987768112952845046}
  - component: {fileID: 91034221922548812}
  - component: {fileID: 2341954204061642793}
  m_Layer: 5
  m_Name: Text (TMP)
  m_TagString: Untagged
  m_Icon: {fileID: 0}
  m_NavMeshLayer: 0
  m_StaticEditorFlags: 0
  m_IsActive: 1
--- !u!224 &2987768112952845046
RectTransform:
  m_ObjectHideFlags: 0
  m_CorrespondingSourceObject: {fileID: 0}
  m_PrefabInstance: {fileID: 0}
  m_PrefabAsset: {fileID: 0}
  m_GameObject: {fileID: 7116683306964083137}
  m_LocalRotation: {x: 0, y: 0, z: 0, w: 1}
  m_LocalPosition: {x: 0, y: 0, z: 0}
  m_LocalScale: {x: 1, y: 1, z: 1}
  m_ConstrainProportionsScale: 0
  m_Children: []
  m_Father: {fileID: 2227409271691049672}
  m_RootOrder: -1
  m_LocalEulerAnglesHint: {x: 0, y: 0, z: 0}
  m_AnchorMin: {x: 0.5, y: 0.5}
  m_AnchorMax: {x: 0.5, y: 0.5}
  m_AnchoredPosition: {x: -0, y: 68}
  m_SizeDelta: {x: 200, y: 50}
  m_Pivot: {x: 0.5, y: 0.5}
--- !u!222 &91034221922548812
CanvasRenderer:
  m_ObjectHideFlags: 0
  m_CorrespondingSourceObject: {fileID: 0}
  m_PrefabInstance: {fileID: 0}
  m_PrefabAsset: {fileID: 0}
  m_GameObject: {fileID: 7116683306964083137}
  m_CullTransparentMesh: 1
--- !u!114 &2341954204061642793
MonoBehaviour:
  m_ObjectHideFlags: 0
  m_CorrespondingSourceObject: {fileID: 0}
  m_PrefabInstance: {fileID: 0}
  m_PrefabAsset: {fileID: 0}
  m_GameObject: {fileID: 7116683306964083137}
  m_Enabled: 1
  m_EditorHideFlags: 0
  m_Script: {fileID: 11500000, guid: f4688fdb7df04437aeb418b961361dc5, type: 3}
  m_Name: 
  m_EditorClassIdentifier: 
  m_Material: {fileID: 0}
  m_Color: {r: 1, g: 1, b: 1, a: 1}
  m_RaycastTarget: 1
  m_RaycastPadding: {x: 0, y: 0, z: 0, w: 0}
  m_Maskable: 1
  m_OnCullStateChanged:
    m_PersistentCalls:
      m_Calls: []
  m_text: '600$

    for

    60 sec'
  m_isRightToLeft: 0
  m_fontAsset: {fileID: 11400000, guid: ce32cc907fba89d428fb59429fb86ff1, type: 2}
  m_sharedMaterial: {fileID: 6391795231349088424, guid: ce32cc907fba89d428fb59429fb86ff1, type: 2}
  m_fontSharedMaterials: []
  m_fontMaterial: {fileID: 0}
  m_fontMaterials: []
  m_fontColor32:
    serializedVersion: 2
    rgba: 4285597952
  m_fontColor: {r: 0, g: 0.034546033, b: 0.4433962, a: 1}
  m_enableVertexGradient: 0
  m_colorMode: 3
  m_fontColorGradient:
    topLeft: {r: 1, g: 1, b: 1, a: 1}
    topRight: {r: 1, g: 1, b: 1, a: 1}
    bottomLeft: {r: 1, g: 1, b: 1, a: 1}
    bottomRight: {r: 1, g: 1, b: 1, a: 1}
  m_fontColorGradientPreset: {fileID: 0}
  m_spriteAsset: {fileID: 0}
  m_tintAllSprites: 0
  m_StyleSheet: {fileID: 0}
  m_TextStyleHashCode: -1183493901
  m_overrideHtmlColors: 0
  m_faceColor:
    serializedVersion: 2
    rgba: 4294967295
  m_fontSize: 36
  m_fontSizeBase: 36
  m_fontWeight: 400
  m_enableAutoSizing: 0
  m_fontSizeMin: 18
  m_fontSizeMax: 72
  m_fontStyle: 0
  m_HorizontalAlignment: 2
  m_VerticalAlignment: 256
  m_textAlignment: 65535
  m_characterSpacing: 0
  m_wordSpacing: 0
  m_lineSpacing: 0
  m_lineSpacingMax: 0
  m_paragraphSpacing: 0
  m_charWidthMaxAdj: 0
  m_enableWordWrapping: 1
  m_wordWrappingRatios: 0.4
  m_overflowMode: 0
  m_linkedTextComponent: {fileID: 0}
  parentLinkedComponent: {fileID: 0}
  m_enableKerning: 1
  m_enableExtraPadding: 0
  checkPaddingRequired: 0
  m_isRichText: 1
  m_parseCtrlCharacters: 1
  m_isOrthographic: 1
  m_isCullingEnabled: 0
  m_horizontalMapping: 0
  m_verticalMapping: 0
  m_uvLineOffset: 0
  m_geometrySortingOrder: 0
  m_IsTextObjectScaleStatic: 0
  m_VertexBufferAutoSizeReduction: 0
  m_useMaxVisibleDescender: 1
  m_pageToDisplay: 1
  m_margin: {x: -39.15097, y: 0, z: -18.10788, w: 0}
  m_isUsingLegacyAnimationComponent: 0
  m_isVolumetricText: 0
  m_hasFontAssetChanged: 0
  m_baseMaterial: {fileID: 0}
  m_maskOffset: {x: 0, y: 0, z: 0, w: 0}
--- !u!1 &7203689360529528702
GameObject:
  m_ObjectHideFlags: 0
  m_CorrespondingSourceObject: {fileID: 0}
  m_PrefabInstance: {fileID: 0}
  m_PrefabAsset: {fileID: 0}
  serializedVersion: 6
  m_Component:
  - component: {fileID: 6790912319966712937}
  m_Layer: 12
  m_Name: DroneSound
  m_TagString: Untagged
  m_Icon: {fileID: 0}
  m_NavMeshLayer: 0
  m_StaticEditorFlags: 0
  m_IsActive: 1
--- !u!4 &6790912319966712937
Transform:
  m_ObjectHideFlags: 0
  m_CorrespondingSourceObject: {fileID: 0}
  m_PrefabInstance: {fileID: 0}
  m_PrefabAsset: {fileID: 0}
  m_GameObject: {fileID: 7203689360529528702}
  m_LocalRotation: {x: 0, y: 0, z: 0, w: 1}
  m_LocalPosition: {x: 0, y: 0, z: 0}
  m_LocalScale: {x: 1, y: 1, z: 1}
  m_ConstrainProportionsScale: 0
  m_Children:
  - {fileID: 4170237939541675928}
  - {fileID: 4499706329703825430}
  - {fileID: 4925315356794583803}
  m_Father: {fileID: 2570398522882138085}
  m_RootOrder: -1
  m_LocalEulerAnglesHint: {x: 0, y: 0, z: 0}
--- !u!1001 &1162865313329532806
PrefabInstance:
  m_ObjectHideFlags: 0
  serializedVersion: 2
  m_Modification:
    serializedVersion: 3
    m_TransformParent: {fileID: 4841018123803310430}
    m_Modifications:
    - target: {fileID: 2854139050350729211, guid: 5eb59992ccf63a945806038868d7263a, type: 3}
      propertyPath: m_Name
      value: panel
      objectReference: {fileID: 0}
    - target: {fileID: 3229117168138947905, guid: 5eb59992ccf63a945806038868d7263a, type: 3}
      propertyPath: m_RootOrder
      value: -1
      objectReference: {fileID: 0}
    - target: {fileID: 3229117168138947905, guid: 5eb59992ccf63a945806038868d7263a, type: 3}
      propertyPath: m_LocalScale.x
      value: 1.3447
      objectReference: {fileID: 0}
    - target: {fileID: 3229117168138947905, guid: 5eb59992ccf63a945806038868d7263a, type: 3}
      propertyPath: m_LocalScale.y
      value: 1.3447
      objectReference: {fileID: 0}
    - target: {fileID: 3229117168138947905, guid: 5eb59992ccf63a945806038868d7263a, type: 3}
      propertyPath: m_LocalScale.z
      value: 1.3447
      objectReference: {fileID: 0}
    - target: {fileID: 3229117168138947905, guid: 5eb59992ccf63a945806038868d7263a, type: 3}
      propertyPath: m_LocalPosition.x
      value: -1.73
      objectReference: {fileID: 0}
    - target: {fileID: 3229117168138947905, guid: 5eb59992ccf63a945806038868d7263a, type: 3}
      propertyPath: m_LocalPosition.y
      value: -2.904
      objectReference: {fileID: 0}
    - target: {fileID: 3229117168138947905, guid: 5eb59992ccf63a945806038868d7263a, type: 3}
      propertyPath: m_LocalPosition.z
      value: -2.129
      objectReference: {fileID: 0}
    - target: {fileID: 3229117168138947905, guid: 5eb59992ccf63a945806038868d7263a, type: 3}
      propertyPath: m_LocalRotation.w
      value: 0.2824838
      objectReference: {fileID: 0}
    - target: {fileID: 3229117168138947905, guid: 5eb59992ccf63a945806038868d7263a, type: 3}
      propertyPath: m_LocalRotation.x
      value: -0
      objectReference: {fileID: 0}
    - target: {fileID: 3229117168138947905, guid: 5eb59992ccf63a945806038868d7263a, type: 3}
      propertyPath: m_LocalRotation.y
      value: 0.95927215
      objectReference: {fileID: 0}
    - target: {fileID: 3229117168138947905, guid: 5eb59992ccf63a945806038868d7263a, type: 3}
      propertyPath: m_LocalRotation.z
      value: -0
      objectReference: {fileID: 0}
    - target: {fileID: 3229117168138947905, guid: 5eb59992ccf63a945806038868d7263a, type: 3}
      propertyPath: m_LocalEulerAnglesHint.x
      value: 0
      objectReference: {fileID: 0}
    - target: {fileID: 3229117168138947905, guid: 5eb59992ccf63a945806038868d7263a, type: 3}
      propertyPath: m_LocalEulerAnglesHint.y
      value: 147.183
      objectReference: {fileID: 0}
    - target: {fileID: 3229117168138947905, guid: 5eb59992ccf63a945806038868d7263a, type: 3}
      propertyPath: m_LocalEulerAnglesHint.z
      value: 0
      objectReference: {fileID: 0}
    m_RemovedComponents: []
    m_RemovedGameObjects: []
    m_AddedGameObjects: []
    m_AddedComponents: []
  m_SourcePrefab: {fileID: 100100000, guid: 5eb59992ccf63a945806038868d7263a, type: 3}
--- !u!4 &4391980659328467655 stripped
Transform:
  m_CorrespondingSourceObject: {fileID: 3229117168138947905, guid: 5eb59992ccf63a945806038868d7263a, type: 3}
  m_PrefabInstance: {fileID: 1162865313329532806}
  m_PrefabAsset: {fileID: 0}
--- !u!1001 &5021961900948061261
PrefabInstance:
  m_ObjectHideFlags: 0
  serializedVersion: 2
  m_Modification:
    serializedVersion: 3
    m_TransformParent: {fileID: 4841018123803310430}
    m_Modifications:
    - target: {fileID: 3622088665145116031, guid: 809d4827d1bc4054f8a4ad732cc6ee26, type: 3}
      propertyPath: m_Height
      value: 7.0763144
      objectReference: {fileID: 0}
    - target: {fileID: 3622088665145116031, guid: 809d4827d1bc4054f8a4ad732cc6ee26, type: 3}
      propertyPath: m_Center.x
      value: 0.004262249
      objectReference: {fileID: 0}
    - target: {fileID: 3622088665145116031, guid: 809d4827d1bc4054f8a4ad732cc6ee26, type: 3}
      propertyPath: m_Center.y
      value: 0.28378242
      objectReference: {fileID: 0}
    - target: {fileID: 3622088665145116031, guid: 809d4827d1bc4054f8a4ad732cc6ee26, type: 3}
      propertyPath: m_Center.z
      value: -0.048566584
      objectReference: {fileID: 0}
    - target: {fileID: 5062090974284100290, guid: 809d4827d1bc4054f8a4ad732cc6ee26, type: 3}
      propertyPath: m_Volume
      value: 1
      objectReference: {fileID: 0}
    - target: {fileID: 5062090974284100290, guid: 809d4827d1bc4054f8a4ad732cc6ee26, type: 3}
      propertyPath: m_audioClip
      value: 
      objectReference: {fileID: 8300000, guid: 8602b7d5cd15c1943a50aa53f171c8cf, type: 3}
    - target: {fileID: 5062090974284100290, guid: 809d4827d1bc4054f8a4ad732cc6ee26, type: 3}
      propertyPath: panLevelCustomCurve.m_Curve.Array.data[0].value
      value: 1
      objectReference: {fileID: 0}
    - target: {fileID: 5308233258862458976, guid: 809d4827d1bc4054f8a4ad732cc6ee26, type: 3}
      propertyPath: m_Name
      value: DroneTurret
      objectReference: {fileID: 0}
    - target: {fileID: 6623115682146049627, guid: 809d4827d1bc4054f8a4ad732cc6ee26, type: 3}
      propertyPath: m_Volume
      value: 1
      objectReference: {fileID: 0}
    - target: {fileID: 6623115682146049627, guid: 809d4827d1bc4054f8a4ad732cc6ee26, type: 3}
      propertyPath: m_audioClip
      value: 
      objectReference: {fileID: 8300000, guid: 8602b7d5cd15c1943a50aa53f171c8cf, type: 3}
    - target: {fileID: 6623115682146049627, guid: 809d4827d1bc4054f8a4ad732cc6ee26, type: 3}
      propertyPath: panLevelCustomCurve.m_Curve.Array.data[0].value
      value: 1
      objectReference: {fileID: 0}
    - target: {fileID: 7327272970342631007, guid: 809d4827d1bc4054f8a4ad732cc6ee26, type: 3}
      propertyPath: end
      value: 
      objectReference: {fileID: 6115978328220124367}
    - target: {fileID: 7327272970342631007, guid: 809d4827d1bc4054f8a4ad732cc6ee26, type: 3}
      propertyPath: cost
      value: 600
      objectReference: {fileID: 0}
    - target: {fileID: 7327272970342631007, guid: 809d4827d1bc4054f8a4ad732cc6ee26, type: 3}
      propertyPath: start
      value: 
      objectReference: {fileID: 3682673109190002803}
    - target: {fileID: 7327272970342631007, guid: 809d4827d1bc4054f8a4ad732cc6ee26, type: 3}
      propertyPath: damage
      value: 99
      objectReference: {fileID: 0}
    - target: {fileID: 7327272970342631007, guid: 809d4827d1bc4054f8a4ad732cc6ee26, type: 3}
      propertyPath: running
      value: 
      objectReference: {fileID: 1106184422259397487}
    - target: {fileID: 7327272970342631007, guid: 809d4827d1bc4054f8a4ad732cc6ee26, type: 3}
      propertyPath: ShotSound
      value: 
      objectReference: {fileID: 284218627780497039}
    - target: {fileID: 7357320945416659880, guid: 809d4827d1bc4054f8a4ad732cc6ee26, type: 3}
      propertyPath: m_RootOrder
      value: 0
      objectReference: {fileID: 0}
    - target: {fileID: 7357320945416659880, guid: 809d4827d1bc4054f8a4ad732cc6ee26, type: 3}
      propertyPath: m_LocalPosition.x
      value: 0
      objectReference: {fileID: 0}
    - target: {fileID: 7357320945416659880, guid: 809d4827d1bc4054f8a4ad732cc6ee26, type: 3}
      propertyPath: m_LocalPosition.y
      value: 0
      objectReference: {fileID: 0}
    - target: {fileID: 7357320945416659880, guid: 809d4827d1bc4054f8a4ad732cc6ee26, type: 3}
      propertyPath: m_LocalPosition.z
      value: 0
      objectReference: {fileID: 0}
    - target: {fileID: 7357320945416659880, guid: 809d4827d1bc4054f8a4ad732cc6ee26, type: 3}
      propertyPath: m_LocalRotation.w
      value: 0.7071068
      objectReference: {fileID: 0}
    - target: {fileID: 7357320945416659880, guid: 809d4827d1bc4054f8a4ad732cc6ee26, type: 3}
      propertyPath: m_LocalRotation.x
      value: 0
      objectReference: {fileID: 0}
    - target: {fileID: 7357320945416659880, guid: 809d4827d1bc4054f8a4ad732cc6ee26, type: 3}
      propertyPath: m_LocalRotation.y
      value: 0.7071068
      objectReference: {fileID: 0}
    - target: {fileID: 7357320945416659880, guid: 809d4827d1bc4054f8a4ad732cc6ee26, type: 3}
      propertyPath: m_LocalRotation.z
      value: 0
      objectReference: {fileID: 0}
    - target: {fileID: 7357320945416659880, guid: 809d4827d1bc4054f8a4ad732cc6ee26, type: 3}
      propertyPath: m_LocalEulerAnglesHint.x
      value: 0
      objectReference: {fileID: 0}
    - target: {fileID: 7357320945416659880, guid: 809d4827d1bc4054f8a4ad732cc6ee26, type: 3}
      propertyPath: m_LocalEulerAnglesHint.y
      value: 90
      objectReference: {fileID: 0}
    - target: {fileID: 7357320945416659880, guid: 809d4827d1bc4054f8a4ad732cc6ee26, type: 3}
      propertyPath: m_LocalEulerAnglesHint.z
      value: 0
      objectReference: {fileID: 0}
    m_RemovedComponents: []
    m_RemovedGameObjects: []
    m_AddedGameObjects:
    - targetCorrespondingSourceObject: {fileID: 7357320945416659880, guid: 809d4827d1bc4054f8a4ad732cc6ee26, type: 3}
      insertIndex: -1
      addedObject: {fileID: 6790912319966712937}
    m_AddedComponents: []
  m_SourcePrefab: {fileID: 100100000, guid: 809d4827d1bc4054f8a4ad732cc6ee26, type: 3}
--- !u!82 &284218627780497039 stripped
AudioSource:
  m_CorrespondingSourceObject: {fileID: 5062090974284100290, guid: 809d4827d1bc4054f8a4ad732cc6ee26, type: 3}
  m_PrefabInstance: {fileID: 5021961900948061261}
  m_PrefabAsset: {fileID: 0}
--- !u!4 &2570398522882138085 stripped
Transform:
  m_CorrespondingSourceObject: {fileID: 7357320945416659880, guid: 809d4827d1bc4054f8a4ad732cc6ee26, type: 3}
  m_PrefabInstance: {fileID: 5021961900948061261}
  m_PrefabAsset: {fileID: 0}
